3108 4890
259 528 376 580 380

252 1045 368 1096 385

249 1561 367 1614 390

244 2069 360 2122 395

246 2580 362 2632 400

834 325 1044 388 ABBO
1086 325 1193 387 DE
1233 324 1503 386 BELLIS
1547 324 1794 387 PARIS.
1882 327 2114 388 LIBER
2159 328 2230 392 11.

605 513 767 575 Urbs
811 531 925 595 age
966 511 1241 574 Parisius
1288 513 1399 574 sub
1447 511 1583 593 quis
1629 512 1888 574 defensa
1929 513 2095 574 fuisti

436 615 860 697 Principibus?
903 617 1004 679 Me
1034 618 1169 698 quis
1191 624 1447 695 poterat
1478 613 1834 698 defendere,
1871 617 2118 696 primas
2169 691 2174 696 ⁸
2207 625 2363 682 VOX

438 720 549 781 Hic
591 720 709 782 nisi
757 722 1121 798 Germanus,
1164 719 1363 782 virtus
1406 727 1467 780 et
1508 737 1688 780 amor
1730 738 1903 780 meus
1946 720 2190 785 omnis?

436 823 581 885 Post
624 841 833 901 reqem
875 841 1089 901 requm
1131 829 1535 902 sanctamque
1579 822 1716 884 eius
1756 824 2134 900 genetricem

435 925 575 986 Rea·
616 944 786 986 meus
826 926 962 1005 ipse
1000 925 1142 1005 fuit,
1180 931 1543 1004 pastorque,
1591 943 1794 986 comes
1837 944 2078 1006 quoque
2115 926 2338 1004 fortis,-

433 1027 548 1089 Hic
591 1029 759 1090 ensis
800 1027 1119 1090 bisacutus
1160 1027 1342 1088 adest
1384 1045 1577 1104 meus,
1621 1025 1721 1088 hic
1764 1029 2107 1108 catapulta,

432 1131 498 1192 Is
538 1131 911 1212 clipeusque,
951 1135 1182 1211 patens
1226 1148 1458 1207 murus,
1502 1132 1686 1192 velox
1727 1131 1842 1192 sed
1882 1137 1942 1191 et
1987 1149 2195 1192 arcus.

431 1231 590 1294 Bisa
636 1232 781 1312 quia
823 1238 921 1293 sat
962 1229 1201 1293 silvaeb
1246 1235 1567 1304 resonant,
1611 1229 1888 1315 filomela
1935 1231 2234 1312 quiescat.

598 1334 839 1396 Plectra
882 1334 1280 1410 revolvamus
1323 1332 1493 1394 vocis
1535 1339 1682 1415 post
1726 1340 1900 1414 terga
1946 1342 2270 1414 stuporum
2289 1346 2333 1400 ⁰.

430 1438 713 1498 Foedere
757 1457 882 1517 quo
926 1437 1130 1517 fragili
1171 1437 1420 1498 fuerant
1460 1435 1711 1510 infecta,
1755 1437 2109 1516 loquamur,

428 1539 692 1621 Agmina
735 1539 1164 1602 Normannum
1203 1538 1457 1599 Francis
1503 1558 1537 1599 e
1581 1529 1810 1602 finibus
1856 1547 2035 1601 antra

429 1643 525 1704 Ad
570 1662 685 1706 sua
728 1642 1047 1705 nolentum
1093 1642 1491 1714 descendere,
1536 1643 1649 1702 sed
1694 1642 2048 1724 Sequanina

428 1743 629 1806 Immo
673 1745 906 1808 fluenta
951 1745 1393 1825 cupiscentum,
1440 1751 1545 1806 tua
1587 1764 1803 1807 rursus
1849 1744 2048 1810 adire.

432 1846 613 1921 Quae
656 1853 984 1930 argentum
1028 1846 1275 1908 sibimet
1314 1846 1645 1908 retinendo
1689 1847 1939 1909 novalia
1983 1852 2348 1917 monstrent,

429 1949 483 2012 Ο
525 1951 884 2031 Burgundia
927 1947 1133 2026 non¹13
1179 1948 1468 2011 simulata
1513 1949 1739 2032 cupido
1780 1949 2051 2025 lateba‘t3

428 2052 613 2126 Quod
658 2052 936 2132 sequitur
980 2052 1153 2114 cordi
1196 2052 1482 2124 affuerat,
1530 2052 1642 2114 sed
1684 2052 1807 2113 hoc
1848 2056 2061 2112 tamen
2103 2052 2219 2118 ori.

430 2154 795 2236 Concipiunt
835 2153 1021 2237 igitur
1067 2152 1278 2216 Thetis
1322 2153 1577 2215 nitendo
1625 2153 1960 2236 quadrigas

425 2256 932 2322 Munereclam⁰
976 2262 1221 2337 gratum
1265 2261 1488 2337 pontes
1530 2256 1976 2317 transcendere
2019 2256 2203 2318 iusto,

427 2359 599 2420 Ilicet
638 2358 1001 2421 Anscherici
1048 2358 1325 2419 defertur
1368 2357 1645 2439 episcopi
1689 2359 1770 2420 ad
1816 2377 2030 2435 escas3

428 2464 543 2526 Ast
582 2462 760 2524 Ebali
801 2460 1045 2524 ferclisf
1086 2462 1333 2524 inerant
1374 2462 1594 2525 Titane
1637 2445 1888 2525 secante

427 2566 766 2628 Lucifluam
811 2571 1102 2626 cernente
1145 2564 1273 2647 poli
1315 2574 1676 2647 gnomone&
1718 2565 1987 2646 figuram

362 2687 373 2696 ·
424 2667 747 2748 Multiplici
790 2686 967 2731 remo
1012 2668 1394 2729 contundere
1437 2666 1707 2748 poculah
1751 2667 1981 2728 limfae.

249 3090 363 3141 405

249 3602 366 3652 410

427 2770 740 2831 Scandere
784 2769 1040 2853 gentiles
1085 2770 1285 2833 undas
1330 2770 1680 2833 conclamat
1724 2789 1877 2831 eoas

427 2871 730 2953 Parisius3
776 2872 971 2955 surgit
1015 2892 1271 2935 securus
1313 2883 1575 2954 uterque
1620 2873 1921 2946 ciborum,

429 2977 621 3036 Arma
666 2975 849 3048 ciunt,
894 2974 1191 3057 ripasque
1234 2974 1464 3057 legunt,
1505 2973 1891 3056 pinnasquei
1935 2975 2273 3042 facessunt.

430 3077 547 3137 Hic
587 3077 819 3153 Ebalus
864 3085 1075 3159 raptat
1119 3079 1378 3140 cordam
1423 3078 1750 3157 vibratque
1793 3075 2116 3158 sagittam3

433 3179 638 3254 Quam
681 3180 1012 3242 nauclerus
1055 3179 1119 3240 in
1164 3179 1460 3243 ascellam
1505 3198 1620 3261 per
1661 3180 1836 3241 navis
1878 3180 2072 3241 iatum

428 3282 725 3345 Praevius
771 3283 1027 3363 accepit,
1072 3284 1385 3345 modicum
1430 3284 1806 3369 terebroque
1848 3282 2144 3344 foratum.

430 3385 529 3447 Sic
574 3385 789 3466 auriga
834 3384 1003 3445 necis
1050 3403 1232 3447 casus
1275 3384 1606 3467 pelagique
1648 3384 1882 3447 faselus
2001 3375 2006 3379 ’

431 3485 641 3560 Quink
685 3486 954 3568 patitur3
998 3492 1241 3549 restant
1281 3486 1500 3568 igitur¹
1546 3488 1938 3568 caeduntque
1983 3490 2098 3550 sub
2146 3507 2357 3549 arcem

2548 331 2630 395 39

2375 518 2443 576 A.
2488 529 2628 579 887.

2396 625 2630 684 URffls„

428 3589 824 3672 Acephalim3
870 3590 1167 3670 quoniam
1215 3590 1527 3653 Christum
1573 3591 1862 3671 perdunt,
1907 3597 2094 3670 caput
2133 3589 2338 3670 ipsum
2356 3599 2403 3650 ¹².

595 3693 733 3754 At0-
763 3712 916 3755 vero
960 3694 1255 3755 veniamv
1302 3694 1666 3774 deposcunt,
1711 3692 2158 3772 obsidibusque

428 3794 794 3856 Iusiuranda
837 3801 1082 3878 parant,
1130 3795 1294 3858 aliud
1338 3815 1466 3857 non
1512 3802 1768 3877 tangere
1814 3794 1957 3857 litus

432 3895 506 3955 Ni
549 3897 898 3976 Sequanae,
944 3916 1355 3978 gressumque
1397 3898 1637 3959 referre
1680 3897 1820 3970 cito,
1865 3897 2034 3959 velut
2078 3902 2251 3973 ante;

429 4019 473 4072 a)
504 4019 605 4063 scil.
638 4020 708 4062 de.
858 4019 908 4072 b)
936 4020 1103 4076 populi.
1257 4020 1299 4073 c)
1328 4021 1656 4065 miraculorum.
1808 4022 1854 4075 d)
1885 4022 1983 4065 scil.
2019 4020 2271 4075 cupiebant.

2423 4020 2465 4074 e)
2510 4019 2625 4065 sine.

428 4080 467 4133 f)
496 4078 679 4123 mensis.
767 4079 813 4133 g)
842 4080 1084 4135 horologio.
1176 4081 1223 4134 h)
1254 4082 1419 4123 alveos.
1508 4080 1542 4133 i)
1573 4092 1721 4124 muros
1752 4082 1941 4133 replent.
2035 4081 2081 4135 ln)
2114 4085 2251 4125 certe.
2353 4080 2386 4136 1)
2415 4080 2624 4133 Nor-meu.

428 4137 488 4193 m)
520 4150 599 4182 cur
630 4138 842 4183 dicuutur
871 4139 1069 4185 acefali?
1165 4138 1237 4193 ἠ)
1268 4140 1367 4185 scil.
1398 4140 1610 4197 perdunt.
1731 4138 1772 4202 o)
1805 4139 1982 4184 deinde.
2101 4139 2148 4207 p)
2176 4152 2348 4210 pacem,

3060 3882 3078 4615 —a—-q———ffl—Q-..a-
