3108 4890
449 339 531 402 40
846 341 1056 402 ABBO
1099 342 1204 403 DE
1247 343 1518 406 BELLIS
1562 348 1805 409 PARlS.
1892 346 2137 408 LIBER·
2166 345 2239 409 ll.

446 519 606 582 Nam
651 522 831 584 nobis
878 526 1183 587 dederant
1225 510 1624 610 tranquillum
1669 533 1960 594 Matrona
2005 533 2234 593 flumen
2286 525 2289 529 ’
2384 537 2452 596 Α.
2499 545 2640 596 887.

274 633 383 686 415
453 622 768 705 Quidquid
814 625 939 700 alit,
985 629 1170 691 solito
1214 651 1500 693 securum
1549 635 1760 714 quoda
1808 634 2171 701 vocitamus,

451 726 633 787 Hocb
681 730 911 790 nostris
956 732 1199 799 violare,
1238 734 1450 816 Dauos
1495 729 1712 816 ingens
1759 746 1895 798 erat
1937 737 2197 808 horror,
2274 817 2279 821 ·

450 828 627 890 Unde
670 830 875 893 forum
919 833 1142 896 foedus
1186 836 1420 914 pariter
1464 857 1792 900 commune
1836 838 2049 911 fiebat,

452 931 586 994 Una
633 921 876 1007 domus,
922 935 1119 1014 paniS,
1165 948 1367 1016 potus,
1413 940 1618 1013 sedeS,
1662 940 1781 1012 via,
1828 940 2040 1010 lectuS‚

454 1033 868 1096 Commixtum
912 1036 1159 1098 sibimet
1204 1040 1499 1119 populum
1545 1034 1850 1104 mirantur
1889 1049 2240 1120 utrumque,

274 1145 387 1196 420
456 1135 641 1209 Quod
691 1145 940 1218 pactum
984 1140 1261 1203 Senones
1307 1143 1577 1222 primum
1623 1150 1897 1206 statuere
1941 1142 2268 1222 migrando
2466 1198 2468 1200 ,
3056 1174 3088 1232 ,

455 1238 771 1301 Hactenus
817 1248 879 1301 et
922 1253 1346 1318 servaverunt,
1393 1248 1603 1326 quoad
1649 1265 1848 1325 usque
1893 1244 2168 1306 secundo

455 1340 737 1401 Menibus
780 1341 986 1405 invitis
1032 1365 1295 1426 superos
1340 1347 1556 1410 latices
1603 1346 1861 1428 adipisci
2612 1347 2616 1352 ’

456 1442 620 1503 Fasc
666 1461 954 1506 meruere
1000 1447 1149 1509 dato
1176 1447 1233 1521 ‘¹3
1280 1451 1501 1511 barcas
1546 1468 1660 1529 per
1702 1448 1958 1509 flumina
2003 1455 2271 1527 raptant.
3046 1346 3085 1539 ii

457 1543 655 1617 Eheu,
695 1546 1040 1636 ¹catholicos
1085 1560 1337 1624 secum⁰
1383 1570 1496 1630 per
1537 1550 1749 1612 littora
1794 1552 1958 1611 vitae
2345 1546 2349 1551 ’
3051 1556 3084 1641 ἱ

276 1651 390 1707 425
457 1647 761 1710 Bisdenos
806 1649 1112 1730 siquidem
1158 1657 1266 1713 aut
1306 1651 1561 1713 necibus
1604 1651 1833 1712 lorisve
1876 1652 2196 1732 plicarunt.
2510 1712 2513 1716 ,
3062 1676 3072 1758 Ι

458 1748 608 1810 Mox
652 1749 951 1813 adhibent
991 1753 1263 1834 propriis
1307 1753 1497 1814 vitam
1544 1753 1679 1814 siue
1723 1754 2023 1816 mandere
2068 1752 2288 1815 castris
3062 1764 3069 1785 ¹

459 1850 773 1912 Vallatam
816 1851 1120 1933 gemini'sf
1163 1862 1431 1914 mortem
1477 1855 1613 1917 sine
1656 1854 1971 1936 tegmine&
2016 1874 2247 1935 prunas
2268 1853 2319 1926 ¹¹,
3061 1788 3073 1939 i

460 1951 673 2024 Quaei
718 1955 915 2015 nostri
959 1956 1288 2036 praecibus
1334 1966 1669 2036 sperarunt
1713 1965 1841 2019 tuta
1883 1964 2120 2018 tenere.
2287 1953 2290 1955 Α
3064 1960 3072 2055 ζ

460 2056 760 2116 Securum
803 2056 1111 2138 frangunt,
1158 2057 1437 2119 Senones
1482 2065 1826 2139 tempnunt,
1871 2059 2352 2138 Matronamque
3068 2091 3073 2129 ἰ

274 2157 393 2208 430
456 2158 794 2238 Aequoreo
841 2178 1024 2219 curru
1066 2161 1325 2227 sulcant.
1412 2161 1747 2241 Mandatur
1793 2169 1854 2222 et
1895 2161 2056 2226 urbi.
3072 2145 3087 2227 ff

458 2260 721 2322 Guttura
765 2260 1027 2322 millenis
1074 2262 1395 2342 crepitant,
1440 2264 1692 2344 planctu
1739 2281 2008 2344 quoque,
2054 2261 2301 2323 bombis
2320 2261 2389 2337 ¹¹3
3064 2192 3088 2327 i

455 2363 585 2423 Pax
629 2355 1007 2424 communis¹
1054 2364 1200 2436 abit,
1246 2364 1468 2426 foedus
1515 2366 1957 2444 pessumdatur
2002 2382 2208 2429 omne.
3057 2404 3088 2459 q

381 2501 384 2504 -
464 2465 767 2526 Continuo
814 2465 1012 2528 cuncti
1054 2473 1329 2528 torvosm
1376 2451 1721 2547 disquirere
1768 2452 1930 2527 cives

462 2567 645 2640 Urbe,
690 2566 852 2641 fore,
897 2572 1171 2640 currunt,
1217 2568 1407 2648 aliqui
1452 2568 1503 2630 si
1544 2568 1709 2629 forte
1752 2574 2056 2650 paterent.

279 2670 393 2719 435
460 2670 635 2730 Euax
655 2679 704 2742 ¹¹,
747 2669 1065 2730 inveniunt
1109 2669 1397 2751 quingen,
1442 2671 1768 2753 plagisque
1815 2652 2144 2736 trucidant.

463 2772 575 2831 His
621 2771 832 2832 micuit
876 2779 1203 2852 praestans
1247 2772 1480 2835 Ebolus
1525 2773 1870 2834 Mavortius
1917 2773 2100 2844 abba,

464 2872 538 2932 Ni
581 2874 884 2954 cupidus⁰
929 2873 1207 2946 nimium,
1252 2874 1540 2947 lascivus,
1589 2882 1652 2935 et
1695 2874 1982 2936 omnibus
2029 2879 2246 2953 aptus3

464 2976 619 3036 Nam
664 2974 923 3055 pulchre
965 2974 1147 3035 nituit
1191 2976 1426 3038 studiis·
1457 2994 1619 3056 quae
1663 2995 1946 3055 gramma
1989 2975 2316 3038 ministrat.

462 3077 759 3139 Foederis
804 3076 1061 3139 antistes
1107 3096 1299 3141 causa
1341 3078 1624 3157 permisit
1667 3079 1840 3140 abire

277 3195 394 3245 440
463 3179 877 3242 Auschericus
920 3186 1148 3252 tentOS,
1193 3180 1401 3259 potius
1431 3179 1784 3242 ‘concidere
1828 3183 2084 3246 debens·

468 3280 622 3343 Inde
664 3281 783 3342 feri
826 3281 1047 3343 Meldis
1091 3281 1337 3355 feriunt,
1386 3284 1607 3344 urbem
1635 3301 1904 3364 ‘quoque
1945 3281 2200 3345 vallant.

457 3392 462 3394 ’
637 3383 881 3444 Interea
925 3384 1218 3456 KaroluS‚
1262 3404 1459 3465 regno
1503 3385 1629 3445 vita
1673 3403 1926 3465 quoque
1968 3384 2193 3456 nudus,
2401 3389 2466 3446 A.
2515 3396 2661 3450 888.

472 3485 727 3549 Viscera
774 3486 926 3566 Opis
950 3494 979 3537 Ρ
1025 3487 1203 3547 divae
1249 3486 1656 3567 conplectitur
1701 3486 1914 3549 abdita
1957 3486 2172 3558 tristiS‚
2631 3485 2635 3487 ’

470 3590 699 3650 Laetus
746 3588 887 3649 Odo
931 3588 1095 3669 regis
1139 3608 1370 3650 nomen
1415 3590 1590 3672 regni
1633 3608 1885 3670 quoque
1927 3608 2154 3649 numen
2173 3597 2224 3660 (Ι,

288 3702 403 3750 445
476 3692 855 3753 Francorum
894 3690 1128 3772 populo
1174 3697 1461 3811 gratante
1502 3691 1877 3772 faventeque
1920 3691 2115 3752 multo
3063 3688 3088 3759 ἲ

3074 3807 3088 3838 t

460 3900 501 3950 a)
534 3896 633 3939 scil.
668 3897 970 3950 tranquillum.
1129 3897 1175 3951 h)
1207 3898 1305 3941 scil.
1338 3909 1543 3941 securum
1691 3896 1734 3949 c)
1763 3896 1947 3941 licitum.
2066 3895 2112 3948 d)
2143 3895 2243 3938 scil.
2275 3893 2398 3937 licito
2430 3895 2667 3939 subeundi.

462 3956 502 4008 e)
534 3955 631 3997 scil.
667 3955 741 4008 qui
774 3961 901 4001 erant
932 3956 1057 3999 fines.
1182 3957 1215 4010 f)
1244 3957 1275 3999 i.
1311 3970 1349 4002 e.
1383 3958 1515 4013 lignis
1548 3962 1595 4000 et
1627 3957 1868 4000 cineribus.
1959 3954 2004 4011 g)
2033 3956 2132 3998 scil.
2165 3955 2366 3998 duorum.
2458 3954 2503 4007 b)
2533 3954 2668 3997 carbo

461 4016 498 4057 si
534 4014 670 4057 fuerit
700 4015 894 4058 munitus
929 4016 1097 4058 flamma
1131 4020 1177 4058 et
1210 4016 1361 4059 cinere
1394 4027 1571 4070 semper
1600 4016 1725 4059 vivit.
1761 4014 1958 4069 alioquin
1988 4014 2189 4058 moritur.
2224 4044 2230 4049 .
2304 4013 2340 4066 i)
2369 4011 2469 4056 scil.
2505 4018 2666 4056 castra.

468 4074 517 4127 k)
553 4074 694 4116 sonis.
815 4074 849 4127 1)
880 4086 995 4129 quae
1030 4076 1113 4117 tuit
1145 4080 1262 4118 inter
1294 4078 1561 4119 christianos
1597 4080 1640 4118 et
1671 4075 1978 4119 Nol-mannos«
2063 4073 2122 4126 m)
2154 4073 2376 4115 crudeles.
2448 4075 2494 4125 n)
2523 4072 2668 4115 inter·-

466 4132 583 4178 ectio
616 4133 838 4176 laetantis.
962 4134 1006 4187 o)
1036 4135 1133 4178 scil.
1168 4141 1304 4179 essct.
1427 4136 1471 4190 p)
1504 4132 1589 4197 dee
1620 4140 1752 4201 terre.
1876 4143 1919 4188 q)
1951 4133 2048 4181 scil.
2082 4131 2393 4186 conplectitur.
