3108 4890
1219 1459 1760 1580 PRAEFATIO.

397 1700 670 1836 Abho,
713 1745 969 1837 patria
1016 1741 1528 1838 ¹Neustrasius,
1588 1739 2005 1836 presbyter¹
2063 1748 2136 1816 et
2183 1743 2586 1817 monachus

398 1861 654 1934 Sancti
708 1863 1050 1935 Germani
1105 1885 1154 1934 a
1204 1861 1450 1935 Pratis
1482 1861 1943 1954 Parisiensis,
1998 1858 2133 1931 sub
2170 1860 2453 1934 Karolo
2514 1869 2587 1934 et

401 1975 652 2052 Odone
724 1978 1012 2075 reqibus
1076 1979 1366 2053 claruit.
1494 1978 1807 2073 Scripsit
1850 2001 2220 2052 sermones
2273 1982 2584 2076 quinque

307 2105 318 2115 '
397 2121 446 2169 a
481 2096 845 2170 Dacherio
887 2099 1105 2171 Tomo
1120 2099 1240 2171 IX.
1282 2098 1653 2193 Spicileyii
1684 2095 2050 2191 vulqatos,
2089 2103 2162 2169 et
2192 2095 2395 2192 quod
2428 2101 2581 2169 iam
2650 2123 2657 2130 ·

332 2294 338 2301 ‚
398 2215 664 2288 edituri
705 2238 960 2288 sumus
1006 2240 1300 2289 carmen
1352 2216 1440 2288 de
1477 2216 1682 2289 bellis
1709 2213 1912 2288 urbis
1946 2213 2377 2287 Parisiacae
2414 2239 2584 2288 con-

396 2341 516 2407 tra
551 2331 1047 2430 Normannos,
1083 2335 1347 2431 quibus
1381 2338 1533 2430 ipse
1568 2357 1716 2407 non
1750 2331 1991 2406 solum
2024 2339 2418 2427 spectator,
2455 2332 2587 2406 sed

395 2455 520 2548 qui
559 2454 1046 2547 proeliatores
1098 2454 1379 2528 medias
1432 2457 1620 2527 inter
1666 2454 2007 2538 flammas
2055 2450 2337 2525 elevata
2374 2476 2586 2526 cruce

398 2573 765 2669 excitaret,
802 2573 1195 2661 interfuit2.
1283 2573 1444 2646 Non
1481 2576 1703 2668 iqitur
1736 2578 1823 2643 ut
1843 2577 2071 2665 poeta
2109 2592 2405 2659 canere,
2456 2570 2588 2643 sed

393 2688 781 2763 historiam
828 2689 1227 2765 obsidionis
1281 2698 1353 2764 et
1382 2690 1751 2763 miracula
1804 2712 1855 2760 a
1891 2688 1968 2761 S.
2010 2690 2372 2761 Germano
2418 2712 2585 2783 per-

390 2814 687 2901 petrata
719 2809 1045 2882 versibus
1079 2809 1374 2883 tradere
1408 2816 1722 2881 conatus
1770 2806 1940 2881 est3.
2026 2805 2323 2879 Librum
2359 2831 2585 2905 usque

396 2924 501 2997 ad
567 2949 842 3000 annum
905 2930 1054 3001 896
1117 2930 1628 3001 continuatum
1702 2926 2003 3000 Gozlino
2073 2924 2433 2998 monacho
2520 2934 2593 2999 et

393 3042 728 3117 Aimoino
821 3045 952 3117 alii
1015 3044 1090 3117 S.
1163 3047 1504 3120 Germani
1590 3045 1981 3140 monacho,
2052 3044 2587 3119 Miraculorum

395 3161 473 3233 S.
516 3163 857 3236 Germani
880 3186 1117 3258 prosa
1171 3163 1534 3237 editorum
1587 3166 1899 3261 auctori,
1947 3166 2336 3258 inscripsit.
2440 3163 2586 3267 Λά-

396 3279 590 3354 didit
639 3284 705 3354 ei
755 3289 845 3354 ut
892 3285 1042 3377 ipse
1102 3285 1420 3379 fatetur,
1480 3284 1833 3356 trinitatis
1887 3306 2119 3359 causa
2172 3326 2274 3337 —-
2322 3280 2585 3355 librum

398 3402 688 3473 tertium
744 3399 833 3474 de
885 3400 1188 3497 clericis,
1220 3399 1357 3499 ‘hic
1386 3402 1634 3494 prima
1680 3402 1830 3473 vice
1867 3382 2246 3495 edendum,
2294 3406 2365 3471 et
2396 3405 2585 3474 anti-

395 3522 558 3613 quis
607 3518 811 3591 haud
870 3542 1097 3616 aeque
1151 3542 1241 3591 ac
1287 3518 1811 3592 recentioribus
1848 3518 2276 3613 despectum.
2340 3520 2587 3592 Inveni

396 3640 583 3709 enim
651 3636 966 3711 Londini
1033 3639 1108 3711 in
1157 3637 1404 3710 codice
1439 3636 1865 3739 ¹Harleiano
1915 3636 2095 3711 Nro.
2154 3642 2369 3713 3271.
2438 3662 2586 3711 non

395 3754 618 3827 modo
671 3756 1072 3851 exemplum
1126 3759 1281 3830 eius
1309 3758 1778 3851 praefatione
1814 3762 2136 3852 auctum,
2193 3754 2325 3829 sed
2348 3761 2446 3827 -et
2481 3759 2586 3829 in-

401 3952 454 4021 1)
512 3950 885 4025 Nem-elogium
945 3954 1001 4011 S.
1043 3953 1298 4009 Germani
1365 3957 1503 4026 apud
1547 3954 1817 4027 Bouquet.
1868 3956 2148 4025 Depositio
2198 3954 2417 4009 eiuu‘7.
2458 3955 2588 4009 Idus

393 4024 592 4081 Martii.
757 4028 820 4097 2)
877 4027 1168 4084 Praefatio.
1222 4029 1338 4085 Lib.
1389 4030 1429 4094 Ι,
1486 4029 1578 4084 25.
1616 4030 1709 4083 26.
1785 4029 2094 4083 593-597,
2157 4025 2226 4087 11,
2276 4026 2587 4085 300-302.

392 4099 453 4171 3)
493 4098 780 4157 Praefatio.
2245 4174 2273 4236 ¹
