3108 4890
918 325 1130 388 ABBO
1171 327 1278 387 DE
1320 323 1592 388 BELLIS
1636 323 1878 389 PARIS.
1966 325 2194 388 LIBER
2237 327 2283 387 1.

513 509 673 573 Urbs
714 510 1016 573 mandata
1053 510 1172 590 fuit
1213 509 1448 573 Karolo
1487 508 1665 571 nobis
1710 509 1943 572 basileo
1961 519 2005 589 ¹,
2428 517 2498 573 A.
2546 525 2690 577 885.

502 612 771 692 Imperio
815 612 990 676 euius
1030 612 1268 691 νεφέων
1308 619 1476 674 totus
1510 629 1713 692 prope
1751 610 1999 674 kosmus
2014 620 2039 658 ²

362 717 438 768 50
507 713 652 775 Post
693 713 1042 792 Dominum,
1085 732 1296 793 reqem
1337 714 1906 794 dominatoremque
1942 721 2281 793 potentum,

505 813 837 876 Ecceidium
873 834 996 895 per
1039 834 1180 877 eam
1218 834 1473 895 requam
1515 834 1640 877 non
1682 818 1846 896 quod
1878 818 2196 897 paciatur,

507 916 639 978 Sed
680 916 846 996 quod
884 918 1163 979 salvetur
1198 936 1321 997 per
1365 935 1506 979 eam
1547 917 1888 998 sedeatque
1928 936 2233 980 serenum.

512 1017 590 1079 Ut
630 1017 829 1096 nobis,
872 1018 928 1080 si
945 1023 971 1060 ³
1009 1018 1182 1098 forte
1222 1017 1336 1079 tibi
1377 1021 1706 1082 commissa
1742 1020 2009 1100 ficissent
2075 1046 2082 1051 ·

505 1118 728 1197 Meuia,
773 1119 1052 1200 quodque
1071 1171 1078 1176 .
1087 1119 1443 1202 pereqisses
1483 1122 1712 1183 iustum
1754 1121 1864 1184 tibi
1902 1139 2156 1198 narras,

365 1231 439 1282 55
512 1220 674 1295 Quid
711 1220 858 1300 fore
899 1220 1229 1282 sancires?
1271 1219 1723 1302 sigemfredus:
1772 1221 1997 1302 Caput,
2041 1221 2197 1296 infit,

503 1322 692 1382 Ensis
736 1321 970 1384 honore
1011 1341 1230 1400 meum,
1275 1323 1536 1386 canibus
1578 1326 1819 1386 demum
1863 1343 2103 1406 quoque
2148 1327 2404 1405 diqnum.

511 1423 768 1499 Toxica,
813 1423 878 1483 m·
919 1429 1124 1485 tamen
1166 1423 1260 1485 his
1295 1407 1595 1510 precibus
1636 1427 1848 1510 cedas,
1893 1425 2003 1488 tibi
2045 1429 2173 1490 tela

506 1525 745 1588 Nostra
785 1524 1222 1588 ministrabunt
1262 1527 1523 1590 castella
1566 1527 1669 1589 die
1708 1529 2009 1604 veniente,

507 1627 910 1690 Decedente⁴
948 1629 1139 1708 famis
1177 1631 1440 1709 pestem,
1483 1628 1603 1690 hoc
1637 1637 2066 1709 perayentque
2108 1630 2451 1710 quotannis,

368 1749 444 1799 60
675 1725 850 1788 Haec
893 1728 998 1802 ait,
1043 1735 1230 1808 atque
1273 1728 1500 1790 dehinc
1542 1728 1711 1800 abiit,
1758 1730 2088 1810 sociosque
2132 1729 2353 1810 coegit.

25 1841 104 1910 ,μ
311 1891 318 1896 ,
508 1826 608 1886 Sic
650 1835 837 1907 caput
877 1829 1124 1891 Aurora
1167 1830 1373 1910 rapuit
1414 1831 1721 1910 perdente
1766 1829 2059 1891 duellum.

27 1921 116 1950 '³'
509 1927 748 2009 Nempe
790 1937 978 1991 ruunt
1020 1949 1237 1993 omnes
1281 1930 1517 1993 ratibus
1562 1930 1757 1994 turri⁵
1801 1939 2235 2013 properanteS,

512 2027 719 2100 Quam
762 2029 994 2093 feriunt
1033 2031 1242 2094 fundis
1289 2032 1514 2093 aeriter
1559 2031 1996 2116 complentque
2041 2032 2298 2113 sagittis·

511 2129 673 2192 Urbs
720 2139 1000 2206 resonat,
1047 2134 1212 2196 cives
1257 2134 1591 2215 trepidant,
1634 2141 1985 2215 pontesque
2028 2133 2353 2207 vacillant3

370 2233 443 2283 65
510 2230 897 2296 Concurrunt
939 2254 1159 2297 omnes
1203 2235 1486 2317 turrique
1526 2235 1818 2299 iuvamen
1864 2236 2194 2316 adaugent.
2301 2247 2307 2252 ·

509 2331 625 2393 Ηίο
669 2335 927 2397 comites
972 2336 1112 2398 Odo
1155 2336 1477 2418 fraterque
1521 2357 1668 2398 suus
1712 2337 2047 2398 radiabant

508 2435 866 2510 RotbertuS,
911 2438 1270 2519 pariterque
1314 2458 1524 2500 comes
1568 2437 1987 2519 Ragenarius;
2031 2437 2154 2499 illic

507 2536 946 2619 Pontificisque
990 2559 1191 2620 nepos
1233 2540 1468 2603 Ebolus
1487 2550 1532 2613 θ,
1576 2540 1951 2602 fortissimus
1999 2541 2183 2605 abba.

509 2636 626 2697 Hic
667 2640 982 2701 modicum
1026 2642 1282 2721 praesul
1323 2641 1530 2703 iaculo
1575 2640 1903 2732 palpatus‘*
1947 2646 2153 2712 acut0,

345 2740 445 2789 ’70
510 2737 626 2799 Hic
669 2739 798 2801 eius
841 2741 1078 2805 iuvenis
1124 2743 1302 2804 miles
1345 2742 1575 2805 similib
1619 2741 1985 2804 Fredericus

507 2840 617 2902 Est
660 2842 818 2903 ictus
863 2843 1108 2924 gladi03
1155 2844 1333 2907 miles
1378 2844 1577 2925 periit,
1622 2844 1962 2924 seniorque

510 2941 851 3019 Convaluit,
896 2964 1038 3007 sese
1081 2947 1431 3008 medicante
1472 2945 1587 3006 Dei
1632 2944 1959 3006 medicina.
2018 3000 2029 3011 .

511 3044 634 3104 Hic
675 3045 841 3107 vitae
883 3047 1091 3108 multis
1143 3054 1424 3109 extrema
1468 3048 1721 3119 dedere,
1768 3046 1880 3109 sed
1926 3064 2105 3106 acres

509 3146 794 3208 Pluribus
836 3148 1099 3229 infigunt
1140 3150 1382 3230 plagaS,
1425 3150 1807 3229 tandemque
1858 3148 2177 3217 recedunt,

289 3328 292 3331 ἦ
371 3258 442 3309 75
517 3248 850 3311 Exanimes
895 3252 1108 3313 Danos
1152 3270 1365 3313 secum
1407 3250 1634 3311 multos
1677 3249 2054 3322 referentes3

285 3332 290 3337 ’
509 3352 645 3413 Iam
689 3352 931 3414 occidui
976 3351 1250 3412 medium
1292 3354 1595 3431 vergebat
1637 3352 1716 3412 ad
1760 3349 1984 3412 ultima
2028 3346 2201 3409 Tile'

512 3454 789 3516 Climatis
835 3454 1126 3516 australis
1172 3472 1424 3535 quoque
1465 3452 1694 3532 Apollo
1738 3456 1990 3515 secutus
2035 3448 2333 3531 Olimpho
2352 3454 2397 3508 ⁸.

467 3665 472 3669 .
508 3624 553 3675 a)
583 3627 653 3666 est
683 3624 958 3667 vulneratus.
1108 3622 1157 3675 b)
1186 3622 1364 3666 scilieet
1394 3633 1511 3667 cum.

516 3784 568 3851 1)
610 3783 645 3836 ἰ.
685 3799 735 3837 e.
777 3800 925 3853 rege.
1072 3782 1133 3851 2)
1192 3781 1227 3837 ἰ.
1261 3799 1309 3836 e.
1351 3782 1602 3836 mundus,
1746 3778 1807 3848 3)
1865 3778 1902 3833 i.
1952 3797 1999 3834 e.
2039 3777 2083 3830 si
2124 3778 2252 3838 tibi,
2292 3784 2349 3829 ut
2386 3776 2491 3827 iam
2532 3775 2706 3837 nobis,

513 3856 723 3907 moenia
786 3856 1070 3909 commissa
1125 3855 1369 3917 fuissent,
1409 3861 1463 3907 et
1501 3854 1800 3922 peregisses
1840 3855 1984 3923 quod
2022 3868 2167 3904 nunc
2206 3849 2302 3902 tibi
2342 3858 2549 3918 gratum
2590 3866 2709 3901 esse

511 3928 644 3980 dicis
684 3928 822 3991 (scil.
865 3928 1178 3981 tradidisses
1231 3934 1337 3993 ea).
1485 3926 1545 3995 4)
1582 3924 1689 3981 XX
1730 3924 1846 3979 scil.
1867 3924 1971 3977 die.
2120 3922 2180 3992 5)
2220 3922 2381 3975 hodie
2404 3920 2559 3975 Porta
2602 3918 2710 3972 Pa-

509 4000 759 4054 risiorum
821 4018 916 4053 seu
966 3998 1222 4071 Magnum
1275 3998 1640 4053 Castelletum.
1692 3996 1909 4062 BOUQ.
2072 3996 2126 4061 6)
2168 3993 2379 4050 Gozlini
2429 4010 2713 4047 ex-sorore

513 4091 705 4147 nepos,
783 4071 1000 4140 BOUQ.
1226 4072 1282 4135 7)
1322 4072 1357 4125 i.
1398 4090 1446 4125 e.
1487 4070 1681 4126 Thule.
1903 4070 1964 4139 8)
2005 4071 2039 4125 i.
2078 4086 2125 4123 e.
2166 4067 2419 4140 Olympo.
