3108 4890
782 383 997 443 ABBO
1040 383 1145 444 DE
1190 384 1457 445 BELLIS
1502 384 1962 446 PARlSlACAE
2005 385 2251 450 URBIS.
2571 390 2608 450 5

429 573 489 627 et
520 568 732 628 auditu
755 569 935 628 modo
948 576 974 606 ³
1006 565 1399 630 decusatosb.
1472 569 1745 644 Quorum
1775 571 1900 632 duo
1931 571 2172 651 quidem
2207 576 2334 630 tam
2359 568 2620 648 praeliis

425 667 790 730 Parisiacae
822 669 1017 748 urbis,
1065 668 1299 732 Odonis
1329 689 1569 751 quoque
1597 671 1787 751 reyis,
1820 690 2002 750 quam
2035 671 2327 750 profecto
2365 671 2512 733 almi
2539 689 2621 732 ac

421 767 646 848 heroys
663 779 689 810 ⁰
726 771 1104 850 praesertim
1146 774 1265 833 mei
1309 773 1624 852 Germani,
1673 773 1947 834 eiusdem
1987 773 2154 834 sedis
2205 773 2348 834 olim
2389 773 2621 852 eqreqii

416 871 753 948 praesulis,
818 871 1110 953 effulgent
1162 874 1501 949 miraculis,
1559 874 1723 936 alias
1768 881 1974 936 tamen
2015 873 2384 954 quibuslibet
2425 874 2615 936 inau—

422 972 584 1035 ditis.
664 972 784 1046 Qui
824 981 1032 1035 autem
1060 977 1306 1053 supplet
1348 975 1688 1037 trinitatem
1740 976 1994 1053 tercius,
2036 975 2332 1037 horumce
2359 975 2614 1054 iqnarus

420 1082 684 1149 constat.
783 1072 940 1136 Nam
996 1077 1378 1152 cleronomos
1392 1073 1443 1154 ἃ,
1499 1077 1754 1142 tametsi
1809 1083 2173 1157 anqustum⁴³
2223 1086 2476 1139 maneat
2519 1078 2614 1138 si-

419 1181 566 1254 tum,
632 1176 1068 1238 decentissime
1111 1183 1317 1255 ornat,
1382 1185 1508 1239 tum
1540 1179 1902 1241 ‘scolasticis
1950 1177 2360 1241 ambientibus
2399 1180 2614 1258 qlosas

420 1277 551 1338 suis
615 1278 681 1338 in
736 1279 1092 1340 commentis
1164 1278 1394 1341 obnixe
1458 1279 1804 1357 complacet
1819 1299 1846 1352 ;
1917 1279 2219 1358 alleqoria
2280 1296 2432 1341 vero
2489 1279 2614 1341 ali-

420 1380 782 1458 quantisper
824 1380 925 1456 cui
969 1380 1101 1441 eius
1154 1379 1382 1459 indaqo
1424 1379 1693 1459 libuerit,
1737 1380 1981 1443 renitet.
2074 1379 2224 1441 Cum
2261 1399 2385 1459 per
2425 1390 2618 1442 semet

423 1481 706 1559 quoniam
748 1478 964 1542 mutis?
1004 1480 1285 1542 inhaeret
1324 1481 1552 1560 verbis,
1610 1483 1883 1562 propria
1925 1500 2110 1543 manu
2163 1481 2452 1560 linquas&
2494 1501 2610 1544 su-

416 1582 667 1659 perieci.
764 1581 960 1644 Pedes
1022 1590 1228 1644 autem
1285 1583 1351 1643 in
1406 1583 1686 1646 omnibus
1743 1584 2028 1664 opusculi
2089 1582 2380 1646 versibus
2449 1585 2614 1646 adeo

418 1684 768 1762 deleqerim,
812 1702 937 1764 quo
986 1703 1109 1763 per
1148 1685 1510 1746 rarissimos
1547 1685 1719 1764 forte
1771 1685 2126 1764 iqnorantia
2162 1685 2454 1763 potiusve
2496 1685 2612 1746 ob-

418 1785 635 1846 livione
676 1773 960 1864 liquerim
1010 1787 1223 1846 clodos
1245 1807 1272 1858 ;
1334 1787 1439 1866 qui
1478 1794 1685 1848 tomen
1731 1783 2091 1866 perierqiah
2148 1804 2381 1866 quaeso
2421 1787 2609 1848 indu-

418 1887 693 1966 striaque
756 1887 1014 1965 leyentis
1056 1887 1307 1949 debitae
1368 1888 1581 1948 virtuti
1621 1888 2048 1950 restituantur.
2169 1886 2610 1948 Pentimimeris

415 2005 630 2065 nempe
671 2005 783 2049 seu
826 2008 958 2050 cum
1003 1995 1151 2049 cota
1192 1990 1383 2051 triton
1426 1989 1725 2051 trocheon
1767 1988 2164 2067 eptimimeris
2207 1984 2386 2050 ratai
2433 1990 2612 2048 simi-

416 2088 669 2150 litudine
686 2086 715 2127 ¹¹
775 2107 898 2167 per
964 2088 1197 2151 omnia¹
1266 2097 1522 2151 currunt
1579 2108 1861 2166 cesurae,
1928 2106 2278 2169 quanquam
2333 2088 2611 2151 bucolice
2655 2149 2662 2154 .

408 2199 663 2270 ptomen
708 2208 1054 2269 perpauca.
1144 2190 1575 2253 Communibus
1621 2197 1964 2271 praeterea
2009 2190 2360 2252 bannuaem
2413 2193 2612 2253 modis

413 2311 551 2353 cum
628 2292 861 2353 dieresi
880 2300 909 2330 ¹¹
980 2298 1043 2354 et
1112 2291 1570 2374 aepisinaliffa⁰
1655 2311 1779 2354 non
1855 2294 2095 2353 dense?
2173 2310 2325 2354 usus
2411 2293 2609 2356 extiti.

413 2393 611 2473 Iqitur
660 2393 967 2473 larqiente
1009 2394 1213 2459 divino
1256 2413 1525 2472 munere,
1569 2395 1874 2474 suqqessit
1901 2392 2158 2455 haecine
2201 2391 2343 2454 mihi
2390 2393 2609 2473 facul-

414 2503 533 2561 tas,
626 2496 789 2570 Quid
821 2497 1012 2576 plura
1028 2498 1061 2557 ?
1133 2496 1554 2558 Catalecticus
1595 2504 1853 2559 cunctus
1895 2497 2107 2559 existit
2151 2512 2388 2556 versus.
2465 2496 2611 2557 Tum

414 2598 605 2661 multa
670 2616 937 2677 prorsus
1000 2600 1130 2662 alia
1186 2600 1406 2661 lectori
1472 2600 1688 2660 seria&
1769 2596 2086 2677 parebunt
2147 2596 2366 2660 indita.
2475 2596 2611 2658 Nec

414 2702 621 2760 tamen
679 2705 938 2778 putetur
999 2700 1113 2762 boc
1158 2699 1235 2761 ob
1306 2700 1480 2762 aliud
1522 2701 1782 2779 factum,
1846 2700 1966 2760 nisi
2027 2698 2352 2759 materiam
2408 2701 2509 2760 vel
2569 2718 2610 2759 a

415 2810 556 2877 tua,
587 2800 941 2862 dulcissime
966 2798 1196 2882 frater,
1238 2803 1576 2879 prudentia
1612 2802 2042 2877 hauriendam,
2085 2818 2197 2861 seu
2224 2801 2606 2878 cuiuspiam1'

414 2903 671 2964 alterius
726 2902 975 2979 diserti,
1044 2921 1182 2964 cum
1244 2903 1332 2964 ad
1370 2921 1590 2963 manus
1645 2902 1904 2979 venerit,
1969 2902 2229 2962 metrici.
2319 2900 2608 2963 Dactilici

415 3003 659 3082 quidem
698 3004 990 3066 versiculi
1031 3004 1305 3067 trimetri
1339 3006 1696 3085 praepositi
1760 3021 2017 3075 causam
2061 3004 2426 3063 enucleant⁵
2493 3004 2610 3080 sui,

415 3104 529 3165 sed
568 3104 808 3164 minime
873 3106 1170 3169 exauditi.
1284 3090 1508 3168 'Verum
1574 3106 1740 3187 quod
1778 3105 1949 3167 haud
2004 3105 2184 3183 apud
2223 3104 2606 3183 maqistrum,

414 3206 635 3268 saltem
676 3215 1031 3269 mereantur
1072 3208 1353 3269 nancisci
1393 3227 1589 3286 penes
1629 3224 2007 3287 qermanum.

672 3308 917 3369 Gaudia
960 3316 1107 3388 quot
1148 3310 1312 3371 radii
1354 3308 1535 3385 Febo,
1582 3308 1690 3370 tibi
1731 3309 1854 3369 sint
1897 3316 1956 3368 et
2000 3307 2285 3383 lton-ores,
2381 3344 2388 3353 -

810 3410 964 3473 Cum
1004 3412 1126 3489 fine
1166 3412 1230 3471 in
1271 3412 1475 3490 finem,
1521 3412 1681 3471 clam
1725 3428 1965 3489 quoque
2005 3411 2129 3488 fine
2171 3409 2325 3470 Deo.

1098 3574 1474 3640 EXPLICIT
1516 3574 1922 3637 EPISTOLA.

414 3807 469 3873 a)
508 3810 736 3859 tantum.
886 3805 947 3873 b)
997 3813 1230 3858 ornatos,
1378 3806 1435 3872 o)
1486 3803 1712 3857 domini.
1874 3803 1934 3871 d)
1971 3802 2218 3856 clericos,
2384 3802 2440 3870 e)
2479 3802 2615 3855 stri-

414 3887 559 3929 ctum
614 3879 701 3931 sit.
854 3877 897 3942 s)
948 3879 1209 3932 obscuris,
1358 3878 1416 3947 g)
1453 3878 1651 3947 glosas».
1818 3876 1878 3944 h)
1919 3875 2153 3929 solertia.
2295 3875 2338 3942 i)
2377 3884 2616 3943 accepta.

422 3950 481 4018 k)
514 3950 775 4020 exemplo.
956 3950 998 4019 1)
1055 3950 1290 4003 aliorum
1327 3959 1642 4005 metrorum.
1818 3951 1898 4019 m)
1941 3947 2149 4001 siliabe.
2325 3956 2382 4014 n)
2421 3947 2618 4001 dissis-

421 4023 591 4075 sione.
741 4023 795 4088 o)
849 4023 1247 4077 coniunctione.
1401 4025 1461 4094 p)
1518 4024 1845 4094 frequenter.
2001 4021 2061 4091 q)
2105 4020 2277 4075 utilis.
2417 4021 2466 4089 ι·)
2504 4019 2620 4076 scil.

419 4096 724 4165 prudentia.
875 4096 925 4163 s)
967 4096 1233 4166 aperiunt.

2996 0 3074 14 .‚3;.
