3108 4890
824 329 1037 390 ABBo
1081 309 1186 390 DE
1230 330 1498 392 BELLls
1543 286 1787 392 Palus.
1859 329 2087 392 LlnEn
2130 330 2177 391 1.
2522 334 2596 398 15

413 509 494 571 Hi
534 510 787 585 bellant,
831 510 932 574 isti
977 522 1320 597 pungnant,
1364 514 1807 577 resonantibus
1852 515 2049 577 armis
2338 515 2409 574 A.
2455 528 2596 580 885.

417 612 661 674 Praelia
702 613 1051 675 Normanni
1095 623 1402 678 exacuunt
1447 615 1726 679 crudelia
1768 635 1943 678 sane.
2624 613 2629 616 ’
3041 593 3052 726 j

417 714 632 776 Nullus
674 713 870 777 habet
911 722 1124 777 terrae
1173 717 1437 779 totidem
1485 719 1589 799 qui
1632 717 1841 779 vivere
1884 724 2065 780 natus
2082 725 2163 762 Μ

232 823 350 876 265
416 815 673 878 Indutos
717 815 940 898 gladiis
985 815 1228 897 pedites
1270 826 1590 899 spectaret
1629 819 1691 880 in
1736 839 1951 892 unum,

415 917 494 978 Et
533 922 710 979 tanta
754 916 1090 979 miraretur
1128 921 1442 982 testudine
1484 921 1673 1003 picta.

418 1019 554 1082 Hac
596 1020 716 1081 sibi
760 1019 1090 1082 confecere
1131 1022 1345 1103 polum
1387 1023 1582 1086 vitam
1627 1022 2003 1083 nutrientem
2018 1030 2064 1095 ²,

422 1121 624 1194 Quem
669 1120 904 1182 nullum
947 1141 1251 1203 superare
1293 1130 1478 1204 caput
1522 1121 1814 1206 cupiebat
1867 1141 2107 1198 eorum,

421 1223 534 1286 Ast
573 1222 738 1284 infra
781 1223 1034 1305 capiunt
1077 1230 1235 1285 tetre
1277 1223 1446 1285 necis
1491 1243 1669 1286 arma
1712 1224 2095 1305 frequenter.

239 1326 360 1378 270
423 1324 591 1387 Mille
635 1325 872 1386 dabant
912 1344 1230 1406 pungnam
1272 1325 1510 1407 pariter
1553 1332 1792 1388 stantes
1834 1326 1895 1387 in
1944 1345 2165 1409 agone,

425 1425 594 1488 Mille
637 1425 839 1499 simul,
883 1427 1108 1488 turrim
1153 1427 1450 1509 quoniam
1495 1428 1857 1510 contingere
1900 1428 2102 1490 cuncti

428 1529 614 1590 Haud
658 1547 782 1590 una
825 1534 1138 1609 poterant,
1180 1529 1399 1592 turmis
1445 1536 1691 1591 certare
1734 1531 2088 1591 studebant.

429 1630 584 1691 Ares
627 1629 976 1710 speculans,
1021 1631 1206 1693 nudis
1253 1631 1550 1712 quoniam
1596 1629 1833 1694 chelisb
1877 1631 2161 1693 inimicus

431 1731 777 1812 Ingeminat
815 1731 1082 1813 populus
1127 1739 1445 1794 certamen
1488 1740 1550 1795 et
1596 1753 1709 1794 ore
1752 1733 2011 1814 patenti,

221 1831 368 1884 ‘275
431 1832 689 1895 Erectas
734 1838 962 1894 taxos⁰
1007 1852 1190 1896 arcos
1235 1834 1547 1896 convertit
1584 1835 1649 1895 in
1692 1832 1963 1909 uncos⁶;

434 1934 626 1996 Unius
669 1933 816 1994 hinc
857 1933 1125 1995 iaculum
1170 1935 1610 1998 transmittitur
1654 1955 1727 1998 os
1770 1936 1831 1996 in
1876 1941 2162 2016 apertum

439 2033 642 2107 Quem
687 2036 892 2098 subito
937 2055 1173 2099 conans
1219 2037 1375 2098 alius
1420 2037 1739 2117 clipeare⁰
1784 2037 2211 2119 migrantem,-

438 2136 674 2216 Nempe
715 2137 920 2197 cibum
962 2143 1172 2220 gustat
1211 2135 1448 2217 primus
1492 2157 1681 2217 quem
1723 2135 2044 2217 repseratf
2087 2156 2231 2210 ore3

438 2237 793 2300 Adveniens
837 2246 1044 2300 autem
1089 2258 1418 2302 numerum
1463 2239 1567 2320 qui
1613 2239 1933 2301 clauderet
1975 2239 2205 2299 almum
2220 2247 2269 2310 8,

257 2341 377 2394 280
441 2340 575 2401 Hos
620 2339 837 2402 nitens·
869 2323 1158 2420 geminos¹
1196 2340 1448 2403 auferre
1489 2340 1779 2413 latenter,
1825 2346 1887 2400 et
1927 2339 2063 2420 ipse

439 2442 768 2505 Perculsus
811 2441 1068 2517 faretra,
1121 2443 1276 2505 turri
1320 2441 1570 2533 veniam
1614 2463 1865 2525 quoque
1905 2441 2127 2523 poscit.

442 2545 569 2607 Sub
615 2544 814 2625 clipeo
858 2545 999 2608 illos
1045 2546 1591 2628 alii-conduntque
1631 2546 2033 2626 trahuntque,

442 2646 622 2709 Unde
660 2647 875 2707 furore
916 2648 1098 2710 nimis
1143 2648 1402 2731 pingues
1445 2648 1678 2709 bellum
1721 2652 2126 2709 renovarunt.

447 2749 633 2810 Scuta
679 2747 839 2810 cient
880 2747 1187 2829 planctuS,
1233 2748 1402 2811 saxis
1447 2747 1833 2821 ferientibuS,
1877 2746 2037 2827 ipsa,

264 2856 381 2908 285
446 2848 952 2931 Sanguineasque
995 2856 1254 2913 vomunt
1295 2868 1484 2913 voces
1528 2850 1749 2931 galeae
1794 2850 2132 2911 subeuntes

446 2948 742 3022 Aethera,
788 2952 1021 3021 crudeli
1063 2953 1258 3015 lorica
1301 2956 1599 3015 mucrone
1642 2951 1907 3014 foratur.

448 3050 932 3134 Respiciensque
976 3073 1122 3116 suas
1165 3060 1228 3115 et
1271 3074 1429 3136 quos
1472 3054 1850 3115 fundaverat
1894 3056 2067 3112 artus

451 3152 864 3233 Omnipotens
906 3142 1181 3217 fabricas
1227 3156 1538 3217 modicum
1582 3154 1775 3217 Danis
1819 3150 2124 3235 superari,

447 3254 743 3317 Exhibuit
783 3258 1016 3321 nostris
1058 3238 1636 3336 vires'animosque
1680 3253 1983 3329 valenteS,

268 3363 386 3415 290
448 3356 784 3438 Inpertitus
827 3358 918 3421 eis
961 3378 1183 3423 sensus
1229 3358 1518 3439 equidem
1561 3356 2033 3420 tremebundos,

353 3514 364 3523 .
450 3462 609 3521 Tum
652 3466 918 3540 pereunt
958 3459 1192 3545 miseri,
1236 3461 1573 3541 pluresque
1615 3457 1927 3520 vehuntur
1969 3456 2050 3519 ad
2096 3454 2259 3517 altos

449 3562 764 3624 Ponentes
810 3562 1051 3625 animas
1097 3561 1532 3643 torquentibus
1578 3579 1757 3623 arma
1801 3557 2034 3621 faselos
2050 3555 2101 3623 ¹¹.

455 3766 499 3818 a)
529 3759 662 3811 filius.
841 3768 888 3821 b)
918 3768 1129 3812 brachiis.
1327 3768 1370 3823 c)
1392 3762 1512 3810 inos.
1695 3764 1741 3819 d)
1769 3765 1816 3807 id
1850 3768 1920 3807 est
1951 3772 2081 3807 arcos
2111 3772 2199 3804 non
2244 3764 2397 3803 tensos
2440 3757 2648 3804 tetendit.

454 3825 497 3879 e)
529 3831 786 3882 θθῑὶῐθεθῐθ.
965 3826 1002 3880 f)
1031 3831 1244 3873 traxerat.
1405 3828 1452 3882 g)
1480 3826 1735 3870 trinitatem·
1912 3823 1961 3875 h)
1993 3832 2147 3864 naves.

457 4013 514 4082 1)
552 4008 746 4063 Nullus
801 4016 974 4062 terrae
1027 4007 1171 4061 filius
1223 4006 1387 4060 habet
1434 3982 1613 4057 vivere
1665 4002 1722 4069 (i.
1763 4018 1813 4056 e.
1863 4000 2017 4069 vivit)
2058 3998 2151 4070 qui
2190 4028 2254 4037 —
2424 3994 2487 4064 2)
2526 3994 2563 4050 i.
2602 4010 2650 4059 e.

357 4097 359 4099 ·
453 4088 843 4159 protegentem.
