3108 4890
188 997 308 1052 330

189 1508 305 1561 335

190 2008 309 2063 340

98 2564 100 2567 <
192 2536 309 2590 345

191 3038 312 3091 350

198 3533 315 3595 355

784 386 995 447 ΑΒΒΟ
1038 385 1142 446 DE
1186 383 1455 447 BELLIS
1500 386 1744 448 PARIS.
1817 387 2048 450 LIBER
2089 389 2136 449 1.

370 569 662 654 Captivos
704 569 877 630 iuxta
921 568 1103 631 tritos
1148 568 1358 650 gladio
1402 568 1586 632 nimis
1632 570 1784 637 eius.

534 672 697 735 Urbs
739 672 803 732 in
844 671 1096 733 honore
1139 670 1327 732 micat
1372 671 1580 734 celsae
1628 680 1880 735 sacrata
1924 673 2185 744 Mariae,

368 773 612 836 Auxilio
658 771 830 835 cuius
874 770 1139 834 fruimur
1182 772 1312 835 vita
1354 774 1547 834 modo
1589 773 1737 848 tuti;

371 877 534 938 Hinc
573 874 923 938 indicibiles
966 873 1073 947 illi,
1118 871 1172 934 si
1214 873 1381 936 forte
1423 874 1725 950 valemuS,

370 978 730 1040 Reddamus
774 982 1002 1060 grates,
1046 973 1329 1057 placidas
1372 978 1711 1038 reboemus
1756 982 1820 1037 et
1862 978 2040 1048 odaS‚

371 1083 512 1143 Vox
555 1077 804 1141 excelsa
848 1085 1041 1150 tonet,
1086 1077 1430 1159 laudesque
1474 1084 1660 1139 sonet
1701 1077 1847 1158 quia
1891 1077 2173 1159 dignumt

370 1182 637 1245 Pulchra
669 1200 910 1261 parens
952 1183 1125 1244 salve
1166 1180 1437 1258 Domini,
1479 1181 1700 1260 reyina
1736 1183 2044 1259 polorum,

370 1284 608 1346 Nostra
648 1284 809 1345 nites
852 1283 1067 1360 altrix,
1112 1281 1288 1346 orbis
1332 1289 1589 1345 constas
1631 1283 2048 1358 dominati-im

324 1445 331 1450 .
378 1386 553 1460 Quae
594 1384 801 1448 saevis
842 1383 1125 1446 manibus
1167 1383 1412 1446 Danum
1450 1384 1785 1466 yladioque
1827 1386 2067 1447 minace

374 1488 631 1551 Solvere
670 1485 970 1549 Luteciae
1004 1483 1247 1564 plebem
1291 1485 1550 1565 diynata
1587 1486 1783 1565 fuisti,

368 1589 786 1670 Luteciaeque
828 1588 987 1649 satis
1022 1594 1289 1666 poteras
1330 1588 1624 1667 conferre
1665 1588 1949 1664 salutem,

376 1689 549 1765 Quae
590 1688 831 1753 lubrico
875 1687 1273 1750 Salvatorcm
1312 1707 1523 1750 cosmo
1563 1689 1850 1768 qenuisli.

373 1791 668 1854 Caelicoli
712 1795 949 1879 caetus,
990 1791 1249 1853 virtutes
1290 1808 1371 1851 ac
1414 1789 1785 1866 dominatu-e,

370 1891 819 1973 primatusque,
856 1899 1345 1973 potestatesque,
1396 1891 1720 1971 thronique
1755 1891 2062 1970 polorum,

378 1993 431 2056 0
469 1995 757 2074 qenelrioe
798 1993 1033 2057 sobolis
1073 1994 1293 2057 summi
1332 1995 1501 2074 reqis
1544 1992 1956 2069 celebranda,-

377 2097 457 2158 Te
494 2097 789 2175 qaudent,
830 2096 1133 2173 recolunt,
1176 2097 1457 2173 laudant,
1499 2102 1900 2170 venerantur,
1949 2096 2242 2175 adorant,

378 2196 431 2259 0
467 2197 628 2277 felix
667 2198 830 2258 uteri
869 2197 1142 2260 thalamo
1183 2216 1342 2278 quae
1383 2196 1678 2260 claudere
1718 2203 1941 2272 mater,

372 2300 560 2371 Quem
603 2296 761 2358 coeli
800 2307 1130 2378 nequeunt,
1173 2299 1376 2377 teliu-³,
1418 2307 1664 2361 vastum
1707 2316 1904 2374 mare,
1949 2297 2135 2378 quisti
2143 2318 2169 2371 ,·

373 2399 574 2480 Atque
614 2407 783 2462 tuum
825 2400 1073 2463 delecta
1106 2408 1371 2481 patrem.
1398 2399 1579 2463 nobis
1614 2398 1936 2480 peperisti.

372 2501 553 2563 Luna
592 2501 831 2563 micans
871 2504 1065 2565 solem
1104 2505 1293 2566 mullo
1328 2505 1473 2583 plus
1515 2510 1579 2565 te
1618 2484 1992 2565 renitentem*

372 2603 615 2665 Fudisti
654 2604 863 2682 terris,
908 2612 970 2667 et
1011 2623 1123 2667 eas
1167 2624 1288 2686 quo
1322 2605 1517 2684 plena
1557 2603 1856 2665 manebas
1959 2656 1964 2661 .

372 2703 779 2783 InradiandO,
816 2724 1013 2784 ¹oenus
1050 2708 1253 2768 nostri
1292 2708 1533 2785 lapsum
1574 2706 1913 2784 reparasti.

372 2803 546 2885 Erqo
568 2807 709 2883 ἐπὶ,
752 2806 974 2884 reyina
1008 2806 1162 2885 poli,
1207 2825 1558 2886 conponere
1602 2806 1829 2887 quibo?

378 2906 673 2969 Sanctior
716 2926 783 2968 es
829 2907 1090 2984 cunctiS,
1132 2926 1289 2971 sexu
1326 2909 1574 2990 felicior
1616 2908 1798 2970 omni.

378 3008 697 3071 Gallorum
739 3009 1035 3070 miserere
1077 3010 1167 3071 tui
1205 2992 1330 3073 iam
1372 3020 1520 3089 nala
1554 3009 1831 3089 potentis
1840 3028 1864 3082 ,·

380 3110 615 3187 Gloria,
661 3112 800 3172 laus
841 3120 904 3173 et
943 3109 1161 3188 honor,
1203 3113 1583 3193 radiansque
1623 3113 1818 3174 decus
1859 3108 1974 3172 tibi
2015 3129 2295 3189 semper,-

2483 393 2560 458 17

2298 573 2370 633 A.
2419 589 2559 640 885.

377 3211 473 3273 Sit
516 3210 845 3274 benedicta
884 3213 1003 3274 Dei
1044 3220 1245 3275 mater
1285 3216 1552 3294 sceptris
1591 3214 1656 3275 in
1696 3214 1859 3274 Iesu.
2181 3171 2566 3269 'DIERESOE

540 3312 788 3375 Foebus
834 3313 983 3387 abit,
1025 3314 1350 3396 noctisque
1392 3314 1558 3375 redit
1601 3312 1800 3395 caligo
1843 3331 2127 3386 serenae,

374 3414 793 3495 Excubiisque
834 3424 1145 3496 nequama
1186 3415 1378 3479 turris
1424 3416 1702 3496 saepitur
1743 3404 2018 3495 'opimisb
2168 3413 2175 3422 ’

377 3515 629 3577 Aurora
672 3516 911 3597 girante
956 3517 1158 3597 polos,
1201 3516 1480 3597 girantur
1524 3525 1590 3580 et
1630 3535 1843 3592 arces3

379 3617 719 3681 Mortiferis
763 3617 1070 3699 siquidem
1110 3618 1249 3681 telis
1295 3619 1712 3700 quatientibus
1754 3618 1914 3693 illas,

374 3719 651 3781 Arrietes
698 3721 973 3783 conflant
990 3731 1035 3794 ⁰,
1079 3739 1397 3801 unumque
1438 3721 1652 3784 locant
1694 3724 1772 3784 ab
1818 3740 1939 3783 eoo

332 3872 335 3875 .
376 3821 447 3881 In
487 3822 731 3898 turrim,
775 3821 1232 3903 contemplatur
1274 3822 1620 3903 septentrio
1666 3822 1834 3884 celsa

377 3923 447 3984 ln
491 3931 711 4006 portas
755 3926 974 4001 alium;
1020 3924 1218 3987 tenuit
1258 3931 1476 3986 contra
1520 3922 1686 3987 latus
1731 3923 1864 3984 eius

378 4149 421 4201 a)
450 4147 812 4193 Normannorum.
992 4148 1041 4203 b)
1074 4147 1283 4203 copiosis,
1436 4147 1479 4200 c)
1508 4149 1699 4191 movent.

2315 3418 2379 3476 Α.
2425 3426 2566 3477 886.

3089 43 3092 83 3
