3108 4890
844 347 1055 410 Anno
1098 301 1204 410 DE
1244 348 1534 411 BELLIS·
1560 307 1835 412 mmsq
1890 349 2124 411 Lmen
2165 348 2211 409 1.

424 529 661 590 Dextra
708 529 794 590 tui
834 537 1060 610 pontes
1105 531 1396 595 habitant
1437 533 1711 595 tentorio
1754 531 1969 594 limfae

422 631 718 710 Levaque
761 632 1198 710 claudentes⁸3
1242 636 1472 698 horum
1514 634 1662 696 hinc
1701 634 1847 695 inde
1891 634 2148 697 tutrices

362 777 367 781 ·
426 731 526 795 Cis
569 734 789 794 urbem
833 735 1161 814 speculare
1203 736 1364 798 falas
1377 735 1430 810 Ι),
1475 737 1673 799 citra⁰
1718 754 1970 816 quoque
2011 735 2265 803 flumen.

278 835 358 888 20

282 1341 356 1391 25

285 1857 361 1909 30

281 2365 354 2416 35

281 2872 360 2923 40

282 3373 358 3424 45

423 832 537 894 Die
576 833 762 914 igitur
803 837 1222 916 praepulchra
1262 837 1446 918 polis,
1489 838 1661 918 quod
1702 836 1922 899 Danea
1941 848 1963 883 ¹
2007 857 2232 901 munus

421 935 666 996 Libavit
717 936 958 998 tibimet
998 938 1252 1001 soboles
1294 938 1572 1001 Plutonis
1616 938 1840 1012 amica,

423 1037 734 1117 Tempore
777 1056 902 1118 quo
945 1040 1201 1119 praesul
1242 1039 1493 1101 Domini
1534 1046 1596 1101 et
1640 1039 2030 1102 dulcissimus
2072 1041 2265 1103 heros

423 1137 714 1200 Gozlinus
758 1143 953 1200 temet
993 1147 1339 1222 pastorque
1381 1140 1683 1223 benignus
1729 1142 1960 1209 alebat.

423 1241 573 1318 Hec,
616 1238 817 1320 inquit
829 1240 880 1319 ⁴¹,
925 1244 1136 1323 miror,
1177 1262 1450 1306 narrare
1483 1249 1698 1323 potest
1739 1243 2083 1324 aliquisne?

415 1342 641 1425 ,Nonne
681 1343 805 1404 tuis
845 1345 1004 1406 idem
1045 1345 1252 1407 vidisti
1294 1346 1534 1408 oculis?
1618 1346 1813 1424 Refer
1855 1344 2054 1424 erqo!

420 1441 564 1505 Vidi
583 1452 606 1486 ²
652 1443 962 1522 equidem,
1005 1443 1313 1525 iussisque
1353 1443 1477 1506 tuis
1521 1440 1763 1526 parebo
1806 1446 2093 1526 libenter.

589 1544 766 1605 Haec
807 1545 920 1606 tibi
963 1565 1191 1626 nempe
1232 1545 1569 1608 litaverunt
1610 1546 1907 1609 libamina
1951 1546 2153 1608 saevi:

423 1643 664 1724 Septies
709 1645 911 1708 aerias
955 1652 1204 1708 eentum
1247 1654 1500 1728 praeter
1539 1647 1817 1710 iuniores

423 1747 841 1828 Quamplures
885 1768 1149 1814 numero
1194 1767 1387 1811 naves
1431 1747 1800 1811 numerante
1843 1753 2149 1820 carentes,

424 1849 614 1911 Extat
656 1869 765 1911 eas
807 1851 1004 1912 moris
1049 1850 1235 1931 vulgo
1279 1852 1504 1912 bareas
1547 1860 1925 1925 resonare⁰;

424 1949 578 2022 Quis
625 1952 786 2012 adeo
828 1952 1026 2014 fartus
1071 1952 1404 2042 Sequanae
1446 1970 1673 2034 gurges
1716 1950 1831 2014 fuit
1882 1951 2043 2013 altus

420 2052 628 2132 Usque
673 2052 828 2115 duas
872 2054 1312 2134 modicumque
1354 2071 1544 2133 super
1586 2052 1801 2134 leugas
1843 2053 2160 2133 fugiendo,

418 2153 498 2215 Ut
541 2153 877 2226 mirareris,
919 2155 1144 2217 fluvius
1191 2154 1287 2215 cui
1330 2173 1400 2217 se
1443 2153 1625 2214 daret
1668 2158 1871 2226 antro,
1944 2139 1948 2143 ⁴

418 2256 517 2317 Nil
559 2275 821 2337 parens;
867 2255 1040 2318 abies
1084 2254 1384 2337 quoniam
1427 2253 1750 2315 velaverat
1788 2253 1961 2314 illum

419 2357 509 2418 Ae
553 2376 815 2437 quercus
859 2357 1134 2437 ulmique
1177 2356 1381 2428 simul,
1427 2353 1722 2416 madidae
1767 2355 1879 2415 sed
1926 2359 1992 2415 et
2034 2353 2159 2415 alni
2178 2353 2219 2413 s.

588 2459 822 2522 Urbem
866 2480 989 2541 quo
1035 2459 1296 2540 tetigere
1339 2458 1594 2539 quidem
1639 2455 1903 2517 Titane&
1947 2456 2245 2529 seeundo,

418 2562 663 2645 Egregii
706 2561 1061 2643 Sigefredus
1106 2561 1240 2622 adit
1279 2559 1554 2642 pastoris
1600 2559 1681 2619 ad
1726 2556 1958 2631 aulam,

422 2662 571 2725 Solo
615 2682 728 2724 rex
751 2659 966 2735 ,verbo
982 2662 1033 2739 ¹¹,
1085 2661 1271 2725 sociis
1314 2666 1527 2723 tamen
1569 2658 1989 2739 imperitabat,

424 2765 671 2826 Vertice
712 2764 880 2826 flexo
927 2766 1006 2825 ad
1051 2761 1415 2845 pontificem
1458 2762 1548 2823 sie
1587 2759 1845 2821 inchoat
1886 2777 2026 2821 ore:
2118 2760 2120 2763 ⁴

431 2866 483 2928 0
530 2868 804 2941 Gozline,
849 2868 958 2929 tibi
997 2865 1409 2947 yreyibusque
1450 2863 1575 2925 tuis
1613 2862 1932 2937 miserere,

424 2968 519 3031 Ne
554 2987 807 3047 pereas,
851 2970 1086 3038 nostris
1124 2970 1350 3048 faveas
1391 2963 1599 3043 dictis,
1640 2965 1980 3043 royitamus
1993 2982 2018 3035 ;

422 3069 678 3149 Indulye
718 3070 1034 3151 siquidem,
1079 3077 1316 3144 tantum
1356 3068 1631 3131 transire
1673 3082 2011 3146 quaeamus

422 3171 601 3232 Hanc
641 3170 856 3231 urbem
870 3189 896 3242 ,·
937 3180 1259 3250 tanyemus
1304 3188 1440 3231 eam
1483 3185 1812 3248 numquam
1822 3185 1850 3239 ,·
1890 3165 2009 3227 sed
2045 3164 2311 3226 honores

429 3273 820 3333 Conservam
862 3279 1004 3334 tuas
1047 3290 1357 3350 conemur,
1408 3268 1640 3332 Odom‘s
1682 3274 1744 3329 et
1800 3285 2029 3329 omnes·

424 3372 538 3434 Hie
581 3372 837 3434 oonsul³
879 3375 1316 3445 venerabatur,
1362 3388 1478 3431 rex
1520 3376 1710 3449 atque
1750 3369 2013 3430 futurus.

423 3473 603 3537 Urbis
651 3479 789 3537 erat
830 3480 1018 3548 tutor,
1076 3471 1252 3554 regni
1293 3477 1592 3533 venturus
1637 3476 1700 3531 et
1742 3470 1923 3532 altor.

423 3575 600 3636 Haeo
643 3582 865 3638 eontra
907 3570 1158 3637 Domini
1199 3573 1456 3656 praesul
1496 3569 1805 3635 fidissima
1846 3567 2019 3632 iecit:

425 3751 470 3803 a)
498 3752 678 3794 scilieet
707 3756 882 3805 ponteS.
919 3744 922 3747 ⁴
1015 3750 1064 3803 b)
1093 3755 1256 3795 turres.
1378 3751 1421 3804 c)
1451 3752 1586 3794 ultra.
1706 3750 1754 3803 d)
1783 3748 1964 3792 scilicet
1992 3744 2170 3789 civitas.

423 3881 577 3924 regno,
605 3869 708 3913 ideo
741 3870 836 3913 solo
869 3872 1006 3913 verbo
1039 3874 1137 3914 erat
1167 3881 1262 3913 rex.

429 4017 482 4081 1)
523 4016 560 4071 i.
609 4034 658 4069 e.
707 4016 1006 4083 Danaorum,
1059 3983 1536 4073 Nortmannorum.
1682 4016 1743 4083 2)
1790 4013 1908 4069 Vox
1970 4021 2179 4085 poetae.

425 4089 548 4143 Odo
583 4107 784 4144 eomes.

2304 3746 2349 3799 0)

423 3811 459 3864 f>
489 3823 546 3852 ex
575 3810 677 3853 istis
709 3811 827 3853 enim
871 3810 1105 3855 arboribus
1135 3814 1266 3853 erant
1306 3822 1445 3854 naves
1488 3808 1779 3862 compositae.
1904 3806 1953 3863 g)
1980 3806 2072 3849 dio.
2204 3804 2251 3858 b)
2291 3816 2375 3848 nan
