3108 4890
893 381 1105 446 Anno
1147 379 1255 444 DE
1295 379 1567 446 rems
1608 381 1849 446 PARIS.
1938 381 2163 445 mma
2208 383 2278 448 11.
2604 385 2704 449 37·

498 569 824 632 Sext-entis
865 569 1113 631 scincum-
1136 571 1366 632 nostris
1405 568 1833 649 wqqestibus⁸
1878 578 2109 649 aptum.
2426 555 2504 634 A.'
2546 551 2687 633 886.

501 671 671 732 Talia
713 689 809 732 me
851 689 1068 732 coram
1107 668 1380 754 fures-¹³?
1419 670 1611 733 iussis
1656 691 1814 751 opus
1860 671 2099 732 addunt
2116 681 2161 730 ⁰.

493 770 656 833 Dum
701 778 911 833 tamen
955 771 1123 835 hos⁴¹
1171 780 1402 834 trames
1447 773 1689 834 revehit
1729 772 2011 853 primatis
2057 774 2135 835 ad
2186 773 2413 846 aulam,

309 882 428 934 320
494 875 848 947 Sectantur,
894 874 1246 955 glomerant
1289 895 1522 936 cuneos
1568 883 1907 956 posterga⁰
1931 872 2264 946 nefandi&

491 975 959 1048 Committunts,
1005 975 1370 1057 superanth,
1417 977 1663 1051 cedunt,
1706 976 2001 1056 fugiunti,
2047 977 2418 1039 moriuntur.

487 1078 749 1160 Templa
791 1078 980 1160 fugax
1025 1077 1619 1158 coetusk'penetrat
1652 1063 1932 1141 ⁸confinia
1978 1081 2169 1141 muris

491 1181 828 1253 Victorum,
873 1179 1102 1263 gemini
1143 1182 1464 1260 quandam
1507 1217 1589 1226 -
1635 1180 1915 1241 mirabile
1958 1200 2149 1243 narro
2203 1218 2273 1228 —-

490 1282 832 1345 Ecclesiam
875 1283 1258 1362 inrumpunt,
1301 1271 1556 1343 farsam'
1586 1283 1663 1343 de
1704 1282 1947 1344 morte-¹
1987 1283 2371 1365 relinquunss

236 1447 241 1450 ‚
310 1393 424 1444 325
489 1385 640 1446 Post
683 1390 746 1446 et
789 1404 987 1466 equos
1034 1371 1196 1446 saltu
1239 1389 1587 1463 repetuntm
1630 1384 2012 1465 paribusque
2058 1384 2376 1451 coherent.

493 1484 593 1547 Sic
635 1486 828 1548 ternis
873 1486 1613 1566 Sequanam-Martisque
1658 1471 1979 1549 cacumina
2025 1489 2234 1550 stratis

489 1588 775 1650 Sexcenti
817 1587 1115 1668 copulant
1155 1607 1233 1648 ex
1278 1587 1542 1660 milibus,
1589 1588 1734 1677 binc
1775 1596 2211 1670 remeantque3

491 1689 774 1770 Namque
817 1689 1278 1771 triumphantes
1313 1690 1577 1751 fratrum
1620 1691 1885 1771 promsit
1929 1691 2319 1776 geminorum

490 1793 683 1854 Fama
725 1792 920 1854 fuisse
963 1791 1291 1854 Teoderici
1335 1813 1667 1873 procerum
1712 1801 1812 1855 ast
1848 1793 2231 1855 Aledramni.

305 1905 426 1956 330
656 1894 749 1978 En
797 1895 1086 1976 princeps
1131 1894 1210 1965 de
1254 1884 1379 1974 quo
1427 1895 1687 1969 canitur,
1734 1896 2152 1958 circumdatus
2198 1895 2389 1956 armis¹

487 1995 873 2077 omnigenis,
919 1997 1159 2058 eaelum
1203 1995 1392 2056 veluti
1436 1997 1873 2077 splendoribus
1911 1997 2161 2078 astrei&
2478 1981 2483 1986 ³

487 2096 905 2178 Induperator
949 2099 1128 2160 adest
1169 2098 1463 2171 Karolus‚
1511 2100 1839 2162 comitatus
1886 2098 2101 2180 opimo

489 2199 731 2262 Diversi
774 2199 1012 2281 populo
1055 2198 1223 2273 labii,
1270 2199 1536 2262 tentoria
1581 2199 1781 2282 figens

493 2303 619 2364 Sub
663 2303 884 2366 Martis
929 2302 1190 2385 pedibus
1237 2301 1484 2376 montis,
1529 2301 1978 2384 speculamque
2017 2303 2381 2374 secund-um.

307 2416 426 2467 335
521 2414 527 2426 '
659 2405 961 2468 Redditur
1004 2403 1428 2485 ecclesiaeque
1471 2404 1578 2466 diu
1618 2410 1840 2487 pastor
1881 2405 2173 2469 viduatae

494 2506 730 2570 Nobilis
775 2508 1185 2591 egregiusque
1227 2526 1448 2571 sacrae
1489 2514 1829 2588 pompatus
1872 2507 2153 2570 honorev

495 2608 708 2673 Totius
752 2609 1454 2672 Auscherieus-virtutis
1501 2610 1781 2689 germine
1824 2610 2062 2683 clarus;

493 2711 921 2792 Annuiturque
962 2710 1114 2772 feris
1158 2710 1394 2772 licitum
1439 2711 1721 2774 Senones
1765 2712 2057 2783 adeundi,
2438 2716 2506 2771 A.
2558 2726 2694 2775 887.

497 2814 741 2894 Septies
787 2812 1024 2893 argenti
1064 2811 1236 2873 libris
1279 2831 1469 2875 causa
1511 2812 1815 2875 redeundi

315 2924 431 2974 340
497 2916 713 2977 Martis
759 2934 974 2977 mense
1020 2913 1186 2976 datis⁴
1225 2921 1471 2976 centum
1517 2936 1631 2978 sua
1677 2917 1756 2979 ad
1799 2915 1992 2995 impia
2035 2932 2247 2998 regna.

499 3018 671 3106 Tunc
712 3016 1185 3099 glaciabantur¹¹
1230 3017 1534 3098 torpentis
1578 3018 1789 3081 saecla
1832 3016 2237 3090 Novembris;

497 3119 600 3181 Sic
639 3119 913 3181 Karolus
957 3119 1160 3195 rediit,
1208 3120 1544 3182 moriturus
1589 3119 1718 3181 fine
1760 3118 2137 3201 propinque.

665 3220 950 3293 Nomina,
995 3228 1140 3283 tunc
1185 3240 1400 3284 ensem
1445 3241 1713 3303 quorum
1746 3206 2063 3302 ¹perpessa
2104 3220 2289 3293 fuisti,
2438 3228 2506 3284 Α.
2556 3236 2697 3287 886.

502 3323 628 3383 Nec
671 3324 992 3385 vocitare⁰
1037 3324 1230 3404 prius,
1275 3325 1452 3405 pigra
1495 3344 1538 3385 o
1581 3324 1940 3407 Burgundia
1980 3321 2167 3395 belle,

322 3430 436 3481 3⁴5
504 3424 752 3489 Nustria
795 3424 1236 3505 praecluibusv
1278 3426 1627 3488 thalamum
1672 3424 1791 3486 nisi
1834 3430 2112 3485 comeret
2156 3425 2370 3489 altis*

500 3526 630 3587 Iam
677 3526 784 3589 tibi
830 3526 1091 3589 consilio
1135 3525 1353 3600 facilis,
1398 3547 1621 3589 verum
1667 3529 1860 3590 modo
1903 3526 2031 3589 iam
2078 3526 2197 3589 scis
2218 3538 2258 3587 Γ.

667 3628 820 3689 Inde
863 3635 1247 3690 revertentes
1254 3633 1478 3793 pto
1525 3650 1639 3693 sua
1685 3630 1889 3691 castra
1934 3636 2248 3711 reponunt
2451 3638 2517 3693 Α.
2562 3646 2701 3697 887.

501 3730 634 3793 lam
679 3731 864 3804 dicte,
908 3730 1208 3809 templum
1289 3731 1451 3792 ancti
1497 3732 1667 3795 velut
1710 3739 1854 3793 ante
1900 3732 2200 3797 colentes,
2280 3766 2285 3769 ·

671 3831 986 3905 Quattuor
1007 3832 1128 3905 ,hie
1173 3833 1590 3913 dominusque
1634 3834 1757 3895 mei
1801 3835 2151 3896 Germanus
2196 3835 2258 3895 in
2304 3856 2483 3897 usum

502 3990 547 4042 a)
579 3989 779 4034 sedibus.
867 3992 914 4042 b)
945 3992 1063 4034 servi
1095 3993 1194 4036 scil.
1229 3970 1328 4037 ausi
1361 3998 1468 4037 sunt
1497 4006 1647 4049 agere.
1741 3996 1781 4048 c)
1814 3997 1912 4037 scil.
1942 3994 2225 4049 Francigeni.
2317 3994 2363 4043 d)
2392 3994 2467 4038 DC
2492 3995 2704 4047 Francos,

504 4050 547 4102 e)
579 4061 742 4092 eorum.
865 4050 900 4103 Γ)
931 4051 1108 4105 pagani.
1229 4050 1273 4107 g)
1305 4053 1404 4095 scil.
1439 4052 1682 4097 Normanni.
1709 4054 1938 4107 praelium.
2050 4052 2095 4103 h)
2126 4055 2225 4096 scil.
2258 4052 2437 4098 Franci.
2543 4056 2574 4107 i)
2606 4056 2704 4099 scil.

504 4108 758 4151 Non-manni.
864 4110 909 4163 k)
939 4122 1097 4164 pagan.
1203 4111 1238 4165 l)
1267 4124 1427 4166 pagan.
1535 4112 1595 4165 m)
1625 4112 1724 4156 scil.
1758 4113 1821 4156 illi
1856 4115 1959 4156 due.
2065 4112 2109 4165 n)
2138 4114 2443 4167 gelascebaut.
2553 4117 2595 4169 o)
2626 4127 2704 4168 pro

505 4168 752 4213 vetulabus,
813 4225 816 4230 Ι
873 4169 918 4222 p)
949 4170 1185 4213 nobilibus.
1307 4170 1354 4225 q)
1385 4172 1564 4214 nutritis
1597 4172 1786 4220 filiabus.
1910 4174 1949 4225 r)
1980 4172 2081 4215 scil.
2112 4171 2285 4215 nomina
2319 4171 2464 4215 Norm.
