3108 4890
434 361 513 422 36
836 358 1046 417 ABBO
1089 358 1193 416 DE
1240 357 1506 417 BELLlS
1553 357 1791 423 PARlS.
1881 358 2106 418 LIBER
2151 357 2222 418 11.

433 543 629 602 Ponte
660 541 855 606 simul
899 543 1137 625 pellens
1180 541 1349 616 illos3
1392 561 1581 622 quem
1629 541 1901 603 maxima
1948 543 2128 604 turris
2363 549 2430 605 Α.
2482 554 2624 605 886.

252 657 367 706 285
430 644 589 703 Ante
633 663 783 704 suos
830 645 1125 705 domnum
1172 644 1499 725 speculans
1546 644 1896 726 congaudet
1937 645 2188 709 ocellos,

430 745 606 805 Unde
650 741 886 826 fatigati
932 745 1095 808 vires
1140 753 1437 807 revocant
1480 745 1599 807 sibi
1640 746 1857 821 forteS,

431 847 633 926 Atque
676 849 969 909 resistere
1014 848 1339 910 decertant
1380 847 1676 928 bellando
1723 847 2051 929 proterviS,

434 948 597 1021 Quia
644 949 859 1011 turrim
902 957 1212 1031 repetunt,
1256 953 1509 1029 pontem
1554 949 1654 1010 vel
1699 949 1903 1010 menia
1946 950 2248 1030 linquunt.

434 1048 600 1110 Mille
645 1049 828 1112 simul
872 1051 1164 1133 speculae
1207 1054 1475 1123 stabant,
1522 1069 1740 1112 omnes
1786 1051 1930 1131 quia
1974 1071 2222 1133 pugnae

252 1168 371 1219 290
434 1152 628 1214 Multo
672 1173 799 1214 non
842 1173 967 1215 una
1010 1161 1307 1234 poterant
1345 1171 1608 1214 numero
1652 1153 2042 1232 prohibente.

433 1252 806 1315 Dilabuntur
847 1254 1020 1316 humi
1062 1255 1240 1316 vario
1284 1250 1542 1316 traiecta
1590 1273 1884 1315 mucrone

432 1355 710 1428 Viscera,
756 1355 927 1436 quob
971 1335 1177 1437 pluvie
1223 1357 1356 1417 celo
1399 1355 1761 1436 ratibusque
1803 1356 2083 1423 seruntur
2101 1367 2146 1416 0.

601 1457 732 1519 Iam
778 1459 1061 1539 capiente
1104 1459 1285 1519 iubar
1327 1457 1602 1539 migrans
1646 1460 1761 1519 sub
1809 1477 2128 1523 marmora
2172 1460 2344 1521 'l'etis

439 1557 712 1633 Oceano,
757 1559 995 1622 foribus
1038 1559 1229 1621 turris
1276 1557 1701 1622 submittiturd
1745 1560 1906 1622 altus

254 1678 371 1728 295
443 1661 639 1723 Valde
683 1662 896 1737 focus;
941 1655 1237 1722 flammae
1277 1661 1603 1741 praecelsa
1648 1662 1965 1722 cacumina
2009 1663 2200 1724 turris

437 1749 796 1844 Cingebant,
839 1763 1029 1826 armis
1074 1769 1351 1844 pugnant
1389 1762 1638 1844 ignique
1683 1761 1929 1825 sinistri.

435 1865 773 1946 Linquitur,
800 1886 939 1928 arcs
984 1864 1241 1938 dextris,
1284 1863 1628 1944 valvasque
1669 1863 1882 1926 iubent
1925 1865 2192 1946 aperire,

438 1967 743 2048 Optantes
788 1987 1047 2048 prorsus
1096 1966 1485 2046 praeciosam
1531 1966 1836 2028 scandere
1879 1976 2146 2028 mortem

435 2070 600 2142 Plus,
650 2090 838 2153 quam
880 2069 1171 2131 sallacum
1212 2067 1361 2129 fidei
1406 2067 1796 2142 committere
1840 2078 2055 2134 semet.

258 2189 375 2241 300
437 2172 635 2233 Nemo
680 2171 848 2233 stetit
890 2191 1081 2252 supra
1125 2169 1462 2251 speculam,
1505 2170 1676 2232 solus
1721 2170 1838 2233 nisi
1881 2191 2031 2252 sepe

437 2274 567 2335 Iam
614 2273 820 2334 Sancti
864 2272 1169 2334 famulus¹
1219 2271 1382 2345 dicti,
1426 2272 1657 2354 lignum
1703 2272 1910 2336 Crucis
1957 2275 2162 2337 almae
2278 2277 2283 2281 ’

438 2376 504 2437 In
550 2377 839 2437 flammas
882 2375 1175 2445 retinens,
1222 2374 1412 2435 oculis
1457 2372 1618 2434 haec
1660 2375 1814 2437 vidit
1857 2385 1918 2437 et
1957 2360 2187 2458 inquit3

437 2480 679 2541 Densus
726 2478 889 2538 enim
933 2478 1139 2539 fumus
1184 2475 1441 2536 nimium
1485 2476 1803 2537 velaverat
1843 2477 2030 2543 illam.

439 2582 594 2642 Tum
640 2580 834 2662 portis
878 2578 1062 2659 igitur
1104 2578 1419 2648 reseratis,
1466 2575 1676 2639 aridus
1723 2597 1871 2639 ense

258 2698 372 2748 305
438 2684 626 2745 Portu
670 2663 732 2743 ni
778 2681 1031 2743 madido
1077 2679 1340 2741 moritur
1381 2679 1696 2743 Vulcanus
1741 2680 2016 2753 inermiS,

440 2786 865 2865 Subtilemque
907 2783 1117 2865 fugam
1162 2781 1397 2862 petiere
1444 2783 1754 2845 cadavera
1799 2783 1960 2845 torvi
2035 2851 2038 2855 ⁴

438 2886 631 2949 Multa
674 2893 1069 2966 reportantes
1115 2903 1345 2956 secum,
1390 2885 1772 2965 Mavorsque
1815 2885 2069 2966 quievit.

439 2990 610 3051 Haec
654 2988 874 3050 virtute
918 2986 1126 3048 Crucis
1170 2994 1423 3047 sanctae
1466 2987 1725 3049 victoria
1767 2986 1997 3048 nostris

440 3091 749 3160 Caeditur,
796 3098 857 3151 et
900 3088 1132 3150 meritis
1178 3081 1471 3150 Germani
1513 3088 1804 3151 antistitis
1850 3090 2016 3163 almi,
2049 3075 2054 3079 ³

258 3212 374 3262 310
438 3192 640 3264 Quem
684 3196 943 3251 reveunt
988 3191 1067 3253 ad
1112 3190 1467 3252 bassilicam
1511 3191 1814 3272 Stephani
1858 3210 2110 3272 quoque
2155 3194 2394 3266 testisz

438 3296 792 3357 Gaudentes
838 3292 1053 3373 populi
1097 3292 1419 3371 praecelsa
1461 3300 1521 3375 te
1568 3291 1904 3355 reboantes

434 3398 635 3458 Voce:
684 3398 877 3457 Deum
922 3403 982 3488 ⁸2
1024 3395 1370 3471 laudamuS,
1417 3397 1841 3477 dominumque
1863 3399 2154 3478 Qfatemm
2167 3398 2192 3456 !

435 3498 616 3561 Urbis
664 3506 798 3559 erat
838 3495 1092 3578 praesul
1135 3495 1361 3569 clarus,
1404 3503 1682 3559 tutamen
1727 3505 1789 3559 et
1830 3498 2001 3560 urbis

3075 2417 3084 2458 Α

436 3600 775 3663 Mesticiam
823 3598 1165 3661 alterutrim
1210 3603 1430 3659 nactae
1474 3600 1566 3661 sic
1607 3600 2006 3683 letitiamque.

257 3723 371 3773 315
605 3702 900 3765 Funditus
945 3701 1041 3763 his
1086 3692 1297 3763 animo
1344 3700 1601 3763 versusf
1643 3710 1962 3783 tamquam
2005 3719 2182 3763 mare
2228 3701 2422 3762 choro
2442 3712 2490 3775 8,

442 3806 736 3884 Cernere,
779 3802 1173 3887 Francigenis
1203 3802 1433 3883 inquit,
1475 3814 1827 3885 proparate
1868 3805 1982 3868 sub
2026 3805 2242 3866 urbem

3082 3880 3083 3899 2
2960 3263 3084 3758 2217AE
2924 3205 3037 3211 ]

433 3952 477 4005 a)
506 3953 718 4007 protervi.
850 3952 895 4004 1»)
926 3953 1057 3999 sicut.
1194 3954 1235 4007 c)
1266 3952 1364 3994 scil.
1396 3950 1648 3993 Not-manni.
1788 3952 1834 4006 d)
1865 3965 1889 3995 a
1919 3953 2180 4006 gentilibus.
2329 3953 2371 4008 e)
2401 3955 2626 4009 martyris.

434 4012 470 4066 f)
500 4013 602 4058 scil.
631 4012 833 4056 Karolus.
956 4013 1000 4065 g)
1033 4016 1176 4055 vento-

440 4126 493 4193 ¹)
534 4125 646 4178 scil.
687 4126 801 4196 ipse
839 4134 1015 4195 poeta.

2960 4063 3082 4601 Ἷξ-’ἑῖ
