3108 4890
516 365 556 430 4
895 364 1108 425 ΑΒΒΟ
1151 364 1258 423 DE
1301 361 1573 424 BELLIS
1614 360 2076 422 PARISIACAE
2118 361 2360 424 URBIS,

521 547 745 609 crebro
781 548 1092 626 poposcit,
1151 554 1220 608 ut
1261 547 1559 610 bellorum
1603 545 1965 608 Parisiacae
1997 548 2185 626 polis,
2224 547 2707 624 praecellentis-

520 647 658 709 simi
713 667 953 728 quoque
1002 647 1313 728 principis
1367 649 1447 710 ab
1495 649 1818 710 examine³
1870 649 2045 726 requi
2099 648 2412 727 hucusque
2461 647 2710 723 Odonis,

519 758 735 811 nostro
774 750 1045 828 qenitum
1085 748 1302 811 labore
1346 751 1707 812 codicellum
1751 747 1984 826 didicit,
2042 757 2171 810 tam
2214 737 2483 829 conliqui
2498 747 2525 788 ὓ
2570 755 2721 810 stu-'

524 853 703 912 diosa
743 850 1031 938 ingenioli
1084 868 1268 930 quam
1316 851 1595 930 fraterni
1634 853 1890 930 insuper
1941 869 2067 912 non
2120 852 2419 912 inmemor
2459 849 2644 929 flaqri
2662 857 2707 914 ⁰.

524 951 806 1014 Eandem
883 951 1094 1031 itaque
1158 951 1233 1011 ob
1292 952 1566 1031 qratiam
1633 951 2017 1030 faustissime
2090 953 2338 1013 noveris
2396 970 2713 1031 qermane,

525 1052 636 1113 tibi
677 1051 915 1113 hancce
957 1051 1138 1130 diriqi
1172 1053 1508 1130 payellam,
1567 1071 1705 1113 cum
1746 1062 1874 1114 tam
1914 1071 2074 1114 rara
2136 1071 2215 1114 ne
2255 1073 2543 1134 umquam
2577 1073 2714 1135 pe·-

525 1172 637 1214 nes
689 1171 786 1213 me
834 1153 1178 1231 flustretur
1232 1154 1472 1231 petitio,
1530 1162 1657 1215 tum
1711 1155 2009 1216 solamine
2050 1155 2313 1217 omnium
2366 1157 2535 1232 apud
2576 1155 2715 1216 lec-

528 1263 726 1316 torem
765 1253 1138 1330 amicissimi,
1189 1261 1256 1314 ut
1301 1273 1460 1316 cara
1497 1257 1800 1332 finetenus
1840 1255 1976 1317 vice
2015 1255 2186 1318 illam
2226 1257 2521 1318 mittentis
2558 1256 2717 1335 fun-

527 1363 758 1434 9atur5
823 1356 966 1436 quin
1020 1356 1206 1416 etiam
1261 1374 1322 1435 a·
1359 1354 1554 1418 deviis
1574 1353 1605 1394 ἅ
1664 1357 1957 1435 prudenti
2020 1357 2324 1418 deoetera⁰
2388 1359 2717 1420 relevetur.

529 1457 873 1536 Numquam
957 1456 1117 1516 enim
1181 1456 1308 1517 otio
1369 1456 1685 1534 reficiendi
1754 1457 1831 1519 ob
1900 1459 2213 1521 scolarum
2270 1459 2717 1550 pluralitatem,
2834 1534 2843 1543 Ἢ

534 1559 707 1619 cuius
759 1557 1178 1619 commoditati
1225 1556 1452 1638 ubique
1493 1558 1767 1619 locorum
1822 1560 2194 1623 vacaverim.
2308 1559 2527 1636 Verum
2582 1559 2683 1639 qui
2699 1557 2722 1597 f

409 1695 415 1701 ·
531 1661 797 1738 primum
834 1658 1028 1738 fuerit
1063 1661 1340 1736 prolata,
1386 1666 1633 1720 constat
1681 1659 1887 1720 adhuc
1932 1679 2195 1740 sequens
2240 1662 2479 1740 paqina
2520 1679 2719 1722 mem-

536 1760 750 1822 branis
806 1761 1000 1822 semel
1057 1767 1294 1821 tantum
1349 1761 1621 1836 mutatis,
1701 1770 1851 1840 post
1927 1779 2187 1843 quoque,
2253 1781 2367 1822 ceu
2432 1763 2722 1842 quopiam

532 1861 738 1924 Foebo
749 1905 770 1938 ,
825 1868 932 1922 tuo
987 1862 1200 1941 saqaci
1241 1862 1533 1923 lustretur
1576 1861 1856 1927 arbitrio,
1943 1863 2219 1944 Denique
2260 1863 2439 1924 liuius
2480 1863 2723 1926 aelimi-

533 1971 730 2024 nata&
771 1962 1126 2024 directionis
1155 1980 1373 2039 causa,
1415 1981 1678 2044 aequum
1700 1971 2057 2026 autumatur
2099 1965 2376 2043 depromi
2397 1966 2677 2043 qeminas
2692 1961 2723 2002 ¹¹

535 2065 721 2125 etiam
761 2063 1045 2143 opusculi
1083 2063 1513 2128 inchoationis.
1617 2063 1894 2138 Quarum
1934 2065 2235 2145 siquidem
2283 2067 2494 2145 prima
2529 2065 2725 2145 fuerit

535 2184 733 2228 causa
776 2165 1274 2226 exercitacionis.
1378 2165 1544 2226 Tunc
1595 2165 1815 2226 etenim
1867 2166 2072 2228 adhuc
2114 2165 2555 2230 litteratoriaei
2614 2174 2721 2245 ty-

533 2268 829 2329 runculus
851 2265 1237 2344 disciplinae,
1268 2267 1544 2328 Maronis
1566 2263 2093 2349 proscindebamk
2126 2267 2441 2348 aeqloqas.
2500 2267 2725 2330 Altera

533 2366 712 2430 vero¹
756 2368 1035 2429 mansuri
1079 2367 1345 2430 aliarum
1387 2367 1697 2430 tutoribus
1739 2368 1981 2430 urbium
2023 2371 2308 2450 exempli.
2392 2367 2724 2430 Caeterum

541 2480 669 2533 tam
720 2477 868 2533 tuae
910 2488 1094 2550 quam
1149 2469 1524 2549 reliquorum
1570 2470 1811 2550 quidem
1874 2472 2174 2532 lectorum
2228 2473 2431 2533 almae
2473 2471 2726 2532 caritati

534 2591 657 2633 non
707 2572 876 2633 istud
914 2572 1211 2635 metricae
1254 2570 1561 2650 conplecti
1600 2570 1879 2632 volumen
1894 2579 1937 2609 ¹¹¹
1950 2618 1969 2647 ,
2029 2572 2199 2651 quod
2232 2582 2409 2635 vates
2469 2581 2657 2634 taxer
2669 2580 2720 2646 ¹¹,

535 2680 746 2734 notum
801 2673 947 2752 fore
999 2672 1234 2735 molior.
1340 2671 1707 2736 Nullatenus
1772 2672 1997 2751 quippe
2059 2672 2160 2734 hic
2182 2680 2232 2749 ⁰,
2315 2692 2475 2753 quae
2523 2690 2720 2751 penes

534 2791 802 2836 summos
829 2773 1266 2852 repperiuntur
1291 2774 1587 2852 fiymenta
1630 2781 1919 2853 poaetas.
1987 2773 2171 2854 Atqui
2198 2774 2446 2836 Faunos
2470 2776 2726 2855 ferasve

539 2890 842 2955 nusquam
905 2874 1178 2951 tripudio
1231 2876 1524 2937 carminis
1586 2875 1651 2935 in
1714 2875 1920 2935 ludum
1980 2893 2151 2937 more
2210 2875 2405 2937 Sileni
2464 2878 2723 2955 conylo-

439 2965 444 2968 ¹
543 2976 930 3051 meraoerim,
971 2993 1091 3035 neu
1132 2976 1370 3054 riqidas
1412 2982 1651 3037 motare
1694 2976 2018 3037 cacumina
2068 2996 2333 3057 quercus
2377 2980 2728 3057 coaeyerim

424 3088 430 3094 '
544 3087 672 3141 tum
711 3095 862 3138 vero
905 3076 1098 3137 siloae
1140 3094 1410 3157 avesque
1452 3078 1655 3138 menia
1698 3095 1940 3158 quoque
1966 3096 2276 3157 nunquam
2309 3081 2542 3142 nostris
2584 3086 2727 3139 sunt

545 3180 840 3242 comitata
915 3178 1189 3258 vestiqiis
1248 3196 1412 3257 prae
1490 3172 1812 3239 dulcedine
1896 3179 2239 3252 cantionis,·
2314 3200 2431 3243 nec
2514 3181 2727 3260 quovis

461 3320 470 3329 ·
541 3280 951 3342 modulamine
999 3278 1166 3341 Oreo
1208 3279 1420 3341 aliisve
1461 3264 1745 3342 manibus
1788 3277 2029 3342 animas
2086 3289 2375 3343 tartarea
2426 3282 2725 3360 aeripue-

541 3383 656 3442 rim
680 3381 945 3460 caliqine
977 3380 1104 3442 ritu
1145 3379 1394 3460 Orphei.
1451 3380 1643 3441 Plane
1666 3382 1853 3442 etiam
1880 3381 1935 3442 si
1966 3383 2214 3462 quando
2258 3382 2529 3463 affuerit,
2572 3385 2727 3445 velle

541 3500 846 3561 nusquam
873 3489 1080 3542 tamen
1120 3480 1215 3543 liis
1255 3481 1502 3543 actibus
1540 3483 1702 3562 favit
1724 3501 1979 3561 possae.
2067 3482 2241 3562 Erqo
2283 3503 2401 3545 nec
2437 3484 2727 3564 positorl’

542 3586 785 3665 quidem
809 3600 1134 3662 nuncupor
1152 3602 1269 3645 nec
1285 3584 1579 3662 flymenta
1598 3584 1696 3645 liic
1732 3584 2036 3647 habentur
2048 3604 2075 3657 ;
2098 3586 2212 3647 sed
2240 3592 2495 3648 nostrae
2511 3586 2727 3665 facul-

543 3687 692 3748 tatis
716 3686 925 3748 adsint
935 3686 1283 3764 praesidia.
1330 3685 1526 3747 Porro
1559 3685 1752 3747 triadi
1775 3695 2026 3749 nostros
2058 3688 2296 3749 credidi
2318 3684 2517 3749 biblos
2533 3696 2562 3738 ‘¹
2594 3689 2729 3749 visu

541 3888 598 3958 a)
634 3888 858 3957 origine.
1008 3890 1064 3954 b)
1103 3887 1408 3959 propinqui.
1535 3889 1607 3957 c)
1648 3890 1866 3944 amoris.
1977 3890 2037 3959 d)
2078 3890 2375 3944 mendatiis.
2525 3893 2580 3960 e)
2619 3900 2727 3943 lua.

543 3962 588 4028 f)
629 3964 920 4031 quomodo.
1153 3964 1210 4031 g)
1267 3961 1526 4031 exposita.
1761 3962 1822 4031 h)
1878 3978 2087 4017 causas.
2286 3963 2329 4028 i)
2380 3963 2726 4033 gramaticae.

544 4037 602 4104 k)
643 4034 817 4087 Prima
861 4034 974 4087 vice
1013 4032 1272 4102 legebam.
1423 4036 1464 4102 Ι)
1513 4052 1588 4090 sc.
1628 4051 1791 4088 causa
1842 4034 2228 4090 inchoacionis.
2379 4037 2457 4106 m)
2484 4054 2560 4090 sc.
2584 4036 2723 4090 ideo.

543 4110 603 4177 n)
629 4108 889 4161 nominer.
965 4104 1023 4173 o)
1047 4109 1098 4159 in
1125 4108 1222 4161 isto
1248 4108 1528 4177 opusculo,
1682 4111 1735 4178 p)
1764 4116 1937 4177 poeta.
2126 4110 2185 4179 q)
2203 4108 2383 4162 libros.
