3108 4890
361 857 476 908 545

363 1361 481 1412 550

363 1867 479 1918 555

313 2358 315 2360 ’
367 2348 486 2423 neo

536 351 616 416 44
937 341 1148 412 ABBO
1191 348 1296 410 DE
1338 346 1609 413 BELLIS
1651 342 1893 414 PARIS.
1980 347 2209 413 LIBER
2251 345 2325 416 11.

536 535 721 596 Astra
766 534 1014 607 micant,
1060 535 1330 616 primas⁸
1374 526 1758 619 vigilat,‘sed
1805 544 1867 597 et
1911 537 2121 599 avolat
2162 544 2301 617 ipsa
2474 535 2545 595 A.
2594 546 2727 600 802.

537 637 730 717 Regia
776 655 926 698 mox
968 636 1466 719 consanguinitas
1491 635 1520 678 ¹⁹
1568 639 1646 699 de
1690 639 1987 720 sanguine
2031 638 2196 700 laeta
2215 649 2259 698 ⁰.

541 738 717 800 Talia
760 757 869 799 cur
913 738 1220 820 siquidem
1265 738 1541 800 recinam
1586 759 1726 801 cum
1770 741 2035 822 gesserit
2078 741 2273 802 olim?

540 839 699 901 Nam
741 840 918 903 libuit
961 841 1090 923 regi
1136 843 1289 904 dare
1331 842 1801 924 propugnacula
1845 842 2026 905 fratri

538 944 843 1007 Rotberto
886 944 1170 1016 Pictavis,
1209 944 1527 1006 Ademaro
1574 951 1780 1006 tamen
1824 945 1994 1005 haud
2041 942 2190 1004 sicd.

539 1045 778 1126 Nempe
822 1046 939 1108 sibi
981 1047 1146 1130 cepit
1160 1055 1207 1120 θ,
1253 1045 1390 1127 plus
1437 1065 1508 1109 se
1552 1045 1699 1128 quia
1747 1045 1943 1126 diligit
1983 1045 2090 1107 illo
2116 1043 2155 1108 f.

705 1146 861 1210 Inde
902 1148 1248 1210 Limovicas
1293 1146 1560 1210 adiens&
1602 1148 2072 1228 Arvernicaque
2116 1167 2292 1220 arva,

537 1249 944 1338 Praevalidae
989 1250 1266 1313 Wilelmi
1306 1251 1475 1332 'acies
1522 1249 1782 1313 secuml¹
1826 1249 1995 1313 videt
2036 1249 2257 1322 hostis,

542 1351 618 1413 Ni
661 1372 1104 1436 congressuras
1148 1352 1371 1414 fluvius
1415 1353 1626 1414 medio
1674 1352 2054 1435 prohiberet.
2174 1415 2183 1423 ,

539 1453 815 1516 Perdidit
856 1474 1010 1536 ergo
1053 1474 1201 1517 suos
1245 1453 1367 1516 illic
1412 1454 1743 1516 Wilelmus
1786 1453 2091 1527 honores,v

542 1555 744 1638 Ugoni
785 1555 1125 1638 regnantei
1174 1557 1375 1631 datoS,
1422 1558 1527 1637 qui
1570 1556 1975 1619 Bituricensis

541 1659 834 1741 Princeps
880 1659 1170 1721 extiterat
1213 1657 1468 1733 consul;
1514 1677 1712 1739 quare
1756 1659 1871 1719 fuit
1914 1664 2119 1719 actum

541 1760 675 1823 Hos
717 1761 880 1825 inter
922 1759 1207 1842 geminos
1252 1758 1511 1821 comites
1552 1758 1830 1822 immane
1875 1759 2173 1826 duellum.

542 1862 711 1926 Mille
754 1881 943 1945 super
985 1869 1231 1924 centum
1276 1860 1620 1924 defleverat
1658 1862 1902 1924 inclitus
1949 1861 2181 1925 archos

545 1963 1060 2029 Claromontinsis
1103 1963 1431 2025 Wilelmus
1473 1961 1691 2047 Ugone
1733 1970 2001 2044 negatos
2025 1957 2104 2039 ι;4

542 2068 711 2132 Istek
757 2067 962 2130 minus
982 2066 1021 2140 ¹,
1065 2085 1330 2130 numero
1374 2075 1647 2129 secumm
1690 2065 1933 2151 maiore
1976 2076 2291 2130 remotum
2307 2079 2354 2128 ¹.

546 2171 662 2232 Hic
704 2171 840 2252 Ugo
887 2170 1036 2230 dum
1079 2169 1337 2230 tandem
1389 2167 1632 2249 capitur
1676 2187 1975 2229 mucrone
2018 2169 2317 2242 Wilelmi,

549 2273 886 2354 Supplicat‚
931 2279 999 2335 ut
1037 2271 1238 2352 pietas
1284 2269 1415 2331 eius
1459 2252 1853 2332 succurreret
1894 2270 2001 2334 illi.

549 2375 672 2438 Olli
713 2381 842 2437 tam
889 2393 1031 2437 sero
1075 2374 1191 2455 per
1235 2373 1470 2432 verba⁰
1515 2391 1763 2434 measse
1805 2374 2155 2456 respondit,

551 2476 737 2539 Ocius
783 2483 846 2537 et
889 2476 1058 2537 dicto
1101 2482 1277 2536 trans
1322 2480 1583 2553 pectora
1624 2474 1847 2537 lancea
1892 2476 2133 2542 transit.

549 2578 782 2661 Ugonis
826 2577 1170 2641 intererant
1212 2575 1424 2637 cuneis
1466 2577 1799 2658 Rotgarius
1856 2584 2043 2658 atque

550 2682 752 2744 Valde
793 2680 910 2743 viri
952 2679 1239 2742 Stefanus
1282 2679 1499 2750 fortes,
1544 2678 1842 2760 perplura
1884 2679 2161 2741 Wilelmi

475 2773 478 2778 ’
554 2784 750 2846 Loeta
796 2782 967 2843 suisv
1013 2782 1252 2854 danteS,
1298 2780 1455 2850 alter
1499 2800 1710 2843 comes
1753 2781 2149 2864 Ugoniusque

377 2888 492 2939 565
556 2886 697 2967 lpse
738 2894 998 2965 neposq,
1045 2883 1204 2945 alter
1248 2882 1428 2945 miles
1476 2882 1765 2945 Stesanus
1810 2884 1994 2946 nimis
2053 2885 2282 2946 audax.

553 2989 723 3050 Proh
767 2982 980 3048 dolor!
1052 2986 1187 3066 Ugo
1231 3004 1450 3045 necem
1496 2985 1678 3056 flesti,
1725 2985 2018 3047 Wilelme
2065 2984 2395 3065 tropheum
2410 2998 2451 3048 ¹·.

719 3087 987 3149 Nuncius
1029 3086 1270 3149 interea
1313 3084 1589 3167 regalem
1636 3088 1905 3150 concutit
1947 3106 2186 3159 aurem,
2481 3092 2559 3152 Ἀ.
2608 3106 2749 3158 893.

557 3190 759 3253 Gallia
788 3190 972 3270 'quod
1016 3188 1276 3274 mentita
1322 3177 1440 3250 sibi
1482 3188 1580 3259 sit,
1628 3195 1841 3268 portat
1882 3190 1945 3249 in
1991 3208 2122 3253 ore.

557 3291 742 3355 Gnati
782 3309 1003 3374 pressa
1046 3290 1189 3374 iugo
1231 3290 1449 3351 Karoli
1506 3290 1771 3351 collum⁸
1814 3288 2157 3362 Lodovicis

376 3394 497 3444 570
564 3394 685 3469 Qui
729 3392 1033 3457 vocitatus
1075 3393 1179 3455 utt
1222 3391 1358 3453 celo
1400 3392 1770 3472 prenomine
1812 3392 2063 3458 Balbus».

559 3497 710 3558 Inde
754 3503 1078 3569 movensu,
1133 3494 1374 3568 callem,
1420 3492 1791 3557 Germanica
1837 3494 1974 3576 quis
2019 3492 2137 3557 sibi
2180 3514 2375 3576 regna
2462 3523 2475 3538 .

561 3666 606 3721 a)
635 3678 729 3710 rex.
888 3659 892 3663 ’
922 3665 969 3719 b)
999 3664 1264 3708 Ademarus.
1455 3664 1496 3719 ο)
1541 3663 1721 3709 fertilis.
1907 3666 1953 3719 d)
1983 3663 2131 3708 libuit.
2324 3664 2367 3719 ο)
2398 3665 2500 3709 scil.
2528 3664 2757 3710 ricavus.

563 3726 598 3779 f)
627 3725 856 3768 notberto.
1003 3723 1048 3779 g)
1078 3734 1174 3767 rex.
1353 3723 1399 3776 h)
1432 3734 1530 3766 cum
1562 3735 1684 3777 rege.
1862 3724 1895 3777 i)
1925 3736 2044 3779 rege.
2223 3722 2273 3775 k)
2301 3724 2413 3778 ugo.
2590 3723 2625 3776 l)
2654 3726 2755 3771 scil.

564 3784 762 3829 deflevit.
879 3783 938 3836 m)
965 3782 998 3827 i.
1047 3794 1086 3825 ο.
1132 3793 1158 3825 ιι
1198 3780 1462 3825 millenario.
1584 3782 1631 3837 n)
1672 3782 1773 3825 scil.
1814 3782 1928 3826 illud
1968 3784 2129 3825 minus.
2186 3782 2282 3827 Boc
2324 3782 2437 3827 dicit
2480 3784 2598 3836 quod
2641 3782 2759 3827 Wil-

564 3846 705 3887 elmus
736 3843 782 3885 in
811 3842 890 3884 illo
920 3840 1088 3896 praelio
1119 3840 1238 3884 mille
1270 3846 1316 3884 et
1347 3846 1523 3885 centum
1554 3841 1763 3896 perdidit,
1794 3847 1840 3885 et
1870 3842 1965 3896 Ugo
1999 3846 2177 3884 centum
2211 3854 2309 3885 eum
2341 3854 2391 3886 se
2423 3843 2537 3897 ipso.
2652 3844 2694 3896 ο)
2726 3844 2758 3885 i.

564 3914 605 3945 e.
640 3903 767 3946 tarde
797 3903 995 3944 locutum
1028 3911 1150 3948 eum,
1171 3910 1288 3943 esse.
1483 3900 1528 3955 p)
1560 3900 1764 3954 propriis.
1955 3900 2001 3955 q)
2031 3900 2285 3956 notgerius.
2473 3903 2513 3957 r)
2542 3902 2641 3945 scil.
2680 3914 2765 3946 ce-

563 3959 687 4016 pisti.
867 3959 907 4014 s)
937 3971 1018 4013 per
1048 3971 1090 4004 c.
1269 3958 1303 4012 ι)
1333 3961 1406 4002 ad.
1452 3998 1458 4003 .
1588 3960 1633 4011 u)
1666 3959 1777 4004 odo.

573 4120 626 4188 1)
667 4119 701 4174 i.
746 4137 793 4173 e.
835 4128 1066 4172 necatos.
