<?xml version="1.0" encoding="UTF-8"?>
<!DOCTYPE html PUBLIC "-//W3C//DTD XHTML 1.0 Transitional//EN"
    "http://www.w3.org/TR/xhtml1/DTD/xhtml1-transitional.dtd">
<html xmlns="http://www.w3.org/1999/xhtml" xml:lang="en" lang="en">
 <head>
  <title>
</title>
<meta http-equiv="Content-Type" content="text/html;charset=utf-8" />
  <meta name='ocr-system' content='tesseract 3.04.00' />
  <meta name='ocr-capabilities' content='ocr_page ocr_carea ocr_par ocr_line ocrx_word'/>
</head>
<body>
  <div class='ocr_page' id='page_1' title='image "abbonisdebellop00germgoog_0028.png"; bbox 0 0 3108 4890; ppageno 0'>
   <div class='ocr_carea' id='block_1_1' title="bbox 819 371 2573 471">
    <p class='ocr_par' dir='ltr' id='par_1_1' title="bbox 819 371 2573 471">
     <span class='ocr_line' id='line_1_1' title="bbox 819 371 2573 471; baseline 0.002 -34"><span class='ocrx_word' id='word_1_1' title='bbox 819 371 1031 471; x_wconf 68' lang='lat' dir='ltr'>Anno</span> <span class='ocrx_word' id='word_1_2' title='bbox 1072 373 1173 436; x_wconf 83' lang='lat' dir='ltr'>BE</span> <span class='ocrx_word' id='word_1_3' title='bbox 1215 371 1485 434; x_wconf 79' lang='lat' dir='ltr'>BELLls</span> <span class='ocrx_word' id='word_1_4' title='bbox 1529 373 1775 435; x_wconf 76' lang='lat' dir='ltr'>PAms.</span> <span class='ocrx_word' id='word_1_5' title='bbox 1812 375 1817 380; x_wconf 85' lang='lat'><strong>·</strong></span> <span class='ocrx_word' id='word_1_6' title='bbox 1848 374 2077 436; x_wconf 75' lang='lat' dir='ltr'>LIBER</span> <span class='ocrx_word' id='word_1_7' title='bbox 2123 376 2165 436; x_wconf 86' lang='lat'>1.</span> <span class='ocrx_word' id='word_1_8' title='bbox 2500 377 2573 440; x_wconf 80' lang='lat'>21</span> 
     </span>
    </p>
   </div>
   <div class='ocr_carea' id='block_1_2' title="bbox 198 557 2581 3682">
    <p class='ocr_par' dir='ltr' id='par_1_2' title="bbox 198 557 2581 3682">
     <span class='ocr_line' id='line_1_2' title="bbox 207 557 2581 639; baseline 0.003 -23"><span class='ocrx_word' id='word_1_9' title='bbox 207 563 326 616; x_wconf 78' lang='grc'>460</span> <span class='ocrx_word' id='word_1_10' title='bbox 391 560 566 623; x_wconf 84' lang='lat' dir='ltr'>Haec</span> <span class='ocrx_word' id='word_1_11' title='bbox 609 561 834 622; x_wconf 84' lang='lat' dir='ltr'>eadem</span> <span class='ocrx_word' id='word_1_12' title='bbox 877 560 1219 622; x_wconf 88' lang='lat' dir='ltr'>Rotbertus</span> <span class='ocrx_word' id='word_1_13' title='bbox 1263 563 1401 619; x_wconf 88' lang='lat' dir='ltr'>erat</span> <span class='ocrx_word' id='word_1_14' title='bbox 1447 557 1652 618; x_wconf 86' lang='lat' dir='ltr'>nitens</span> <span class='ocrx_word' id='word_1_15' title='bbox 1698 558 1969 639; x_wconf 89' lang='lat' dir='ltr'>operari.</span> <span class='ocrx_word' id='word_1_16' title='bbox 2322 565 2391 622; x_wconf 85' lang='grc' dir='ltr'>Α.</span> <span class='ocrx_word' id='word_1_17' title='bbox 2440 572 2581 622; x_wconf 82' lang='grc'><strong>880.</strong></span> 
     </span>
     <span class='ocr_line' id='line_1_3' title="bbox 560 658 2363 739; baseline 0.001 -18"><span class='ocrx_word' id='word_1_18' title='bbox 560 661 707 722; x_wconf 86' lang='lat' dir='ltr'><strong>Post</strong></span> <span class='ocrx_word' id='word_1_19' title='bbox 748 669 1028 739; x_wconf 72' lang='lat' dir='ltr'>aequor³</span> <span class='ocrx_word' id='word_1_20' title='bbox 1071 659 1354 720; x_wconf 82' lang='lat' dir='ltr'><strong>residens</strong></span> <span class='ocrx_word' id='word_1_21' title='bbox 1400 658 1546 720; x_wconf 90' lang='lat' dir='ltr'>almi</span> <span class='ocrx_word' id='word_1_22' title='bbox 1591 658 1883 721; x_wconf 76' lang='lat' dir='ltr'>niveamb</span> <span class='ocrx_word' id='word_1_23' title='bbox 1929 679 2109 723; x_wconf 91' lang='lat' dir='ltr'>secus</span> <span class='ocrx_word' id='word_1_24' title='bbox 2156 660 2363 724; x_wconf 88' lang='lat' dir='ltr'>aulam</span> 
     </span>
     <span class='ocr_line' id='line_1_4' title="bbox 391 760 2034 840; baseline -0.002 -15"><span class='ocrx_word' id='word_1_25' title='bbox 391 763 707 826; x_wconf 83' lang='lat' dir='ltr'>Scandere</span> <span class='ocrx_word' id='word_1_26' title='bbox 750 761 1043 823; x_wconf 81' lang='lat' dir='ltr'>Germani</span> <span class='ocrx_word' id='word_1_27' title='bbox 1087 766 1395 840; x_wconf 80' lang='lat' dir='ltr'>temptant</span> <span class='ocrx_word' id='word_1_28' title='bbox 1441 760 1718 822; x_wconf 87' lang='lat' dir='ltr'>crebrius</span> <span class='ocrx_word' id='word_1_29' title='bbox 1762 761 2034 834; x_wconf 88' lang='lat' dir='ltr'>vocitati,</span> 
     </span>
     <span class='ocr_line' id='line_1_5' title="bbox 351 861 1948 946; baseline -0.002 -20"><span class='ocrx_word' id='word_1_30' title='bbox 351 865 537 926; x_wconf 90' lang='lat' dir='ltr'>·Eius</span> <span class='ocrx_word' id='word_1_31' title='bbox 583 882 706 946; x_wconf 88' lang='lat' dir='ltr'>qua</span> <span class='ocrx_word' id='word_1_32' title='bbox 750 861 1019 942; x_wconf 90' lang='lat' dir='ltr'>speciem</span> <span class='ocrx_word' id='word_1_33' title='bbox 1067 869 1314 923; x_wconf 84' lang='lat' dir='ltr'>constat</span> <span class='ocrx_word' id='word_1_34' title='bbox 1359 861 1567 923; x_wconf 90' lang='lat' dir='ltr'>lucere</span> <span class='ocrx_word' id='word_1_35' title='bbox 1613 862 1948 942; x_wconf 83' lang='lat' dir='ltr'>sepulchri.</span> 
     </span>
     <span class='ocr_line' id='line_1_6' title="bbox 391 961 1967 1044; baseline -0.001 -18"><span class='ocrx_word' id='word_1_36' title='bbox 391 965 509 1027; x_wconf 90' lang='lat' dir='ltr'>Hic</span> <span class='ocrx_word' id='word_1_37' title='bbox 548 965 740 1028; x_wconf 86' lang='lat' dir='ltr'>iacuit</span> <span class='ocrx_word' id='word_1_38' title='bbox 782 964 1007 1028; x_wconf 87' lang='lat' dir='ltr'>suimet</span> <span class='ocrx_word' id='word_1_39' title='bbox 1046 962 1272 1042; x_wconf 85' lang='lat' dir='ltr'>iugiter</span> <span class='ocrx_word' id='word_1_40' title='bbox 1317 961 1674 1023; x_wconf 89' lang='lat' dir='ltr'>venerabile</span> <span class='ocrx_word' id='word_1_41' title='bbox 1720 982 1967 1044; x_wconf 78' lang='lat' dir='ltr'>coerS,</span> 
     </span>
     <span class='ocr_line' id='line_1_7' title="bbox 209 1063 1935 1147; baseline -0.002 -18"><span class='ocrx_word' id='word_1_42' title='bbox 209 1071 324 1122; x_wconf 77' lang='lat'>465</span> <span class='ocrx_word' id='word_1_43' title='bbox 390 1067 794 1147; x_wconf 86' lang='lat' dir='ltr'>Nobiliusque</span> <span class='ocrx_word' id='word_1_44' title='bbox 837 1064 1286 1126; x_wconf 88' lang='lat' dir='ltr'>monasterium</span> <span class='ocrx_word' id='word_1_45' title='bbox 1331 1064 1568 1126; x_wconf 87' lang='lat' dir='ltr'>cunctis</span> <span class='ocrx_word' id='word_1_46' title='bbox 1611 1063 1726 1126; x_wconf 83' lang='lat' dir='ltr'>fuit</span> <span class='ocrx_word' id='word_1_47' title='bbox 1764 1064 1935 1138; x_wconf 90' lang='lat' dir='ltr'>illud,</span> 
     </span>
     <span class='ocr_line' id='line_1_8' title="bbox 376 1163 2071 1249; baseline -0.002 -18"><span class='ocrx_word' id='word_1_48' title='bbox 376 1168 641 1231; x_wconf 88' lang='lat' dir='ltr'>-Nustria</span> <span class='ocrx_word' id='word_1_49' title='bbox 687 1186 850 1249; x_wconf 88' lang='lat' dir='ltr'>quae</span> <span class='ocrx_word' id='word_1_50' title='bbox 893 1166 1186 1227; x_wconf 83' lang='lat' dir='ltr'>refovere</span> <span class='ocrx_word' id='word_1_51' title='bbox 1226 1163 1363 1228; x_wconf 87' lang='lat' dir='ltr'>sinu</span> <span class='ocrx_word' id='word_1_52' title='bbox 1409 1165 1692 1228; x_wconf 82' lang='lat' dir='ltr'>discebat</span> <span class='ocrx_word' id='word_1_53' title='bbox 1733 1165 1795 1226; x_wconf 93' lang='lat' dir='ltr'>in</span> <span class='ocrx_word' id='word_1_54' title='bbox 1840 1167 2071 1247; x_wconf 83' lang='lat' dir='ltr'>amplo.</span> 
     </span>
     <span class='ocr_line' id='line_1_9' title="bbox 389 1266 2103 1349; baseline 0.001 -20"><span class='ocrx_word' id='word_1_55' title='bbox 389 1268 552 1330; x_wconf 89' lang='lat' dir='ltr'>Hinc</span> <span class='ocrx_word' id='word_1_56' title='bbox 594 1267 865 1349; x_wconf 86' lang='lat' dir='ltr'>propriis</span> <span class='ocrx_word' id='word_1_57' title='bbox 906 1266 1095 1328; x_wconf 84' lang='lat' dir='ltr'>fuerit</span> <span class='ocrx_word' id='word_1_58' title='bbox 1137 1266 1383 1328; x_wconf 82' lang='lat' dir='ltr'>famulis</span> <span class='ocrx_word' id='word_1_59' title='bbox 1428 1274 1707 1347; x_wconf 83' lang='lat' dir='ltr'>gestatus</span> <span class='ocrx_word' id='word_1_60' title='bbox 1752 1267 1814 1328; x_wconf 91' lang='lat' dir='ltr'>in</span> <span class='ocrx_word' id='word_1_61' title='bbox 1859 1271 2103 1330; x_wconf 89' lang='lat' dir='ltr'>urbem.</span> 
     </span>
     <span class='ocr_line' id='line_1_10' title="bbox 390 1368 2108 1450; baseline 0.002 -20"><span class='ocrx_word' id='word_1_62' title='bbox 390 1369 577 1450; x_wconf 78' lang='lat' dir='ltr'>Ipse⁰</span> <span class='ocrx_word' id='word_1_63' title='bbox 617 1371 852 1441; x_wconf 79' lang='lat' dir='ltr'>Dauos,</span> <span class='ocrx_word' id='word_1_64' title='bbox 895 1368 1270 1450; x_wconf 86' lang='lat' dir='ltr'>quicumque</span> <span class='ocrx_word' id='word_1_65' title='bbox 1316 1369 1553 1429; x_wconf 87' lang='lat' dir='ltr'>dabant</span> <span class='ocrx_word' id='word_1_66' title='bbox 1598 1369 1857 1449; x_wconf 86' lang='lat' dir='ltr'>vestigia</span> <span class='ocrx_word' id='word_1_67' title='bbox 1901 1379 2108 1450; x_wconf 88' lang='lat' dir='ltr'>prato,</span> 
     </span>
     <span class='ocr_line' id='line_1_11' title="bbox 390 1468 2033 1551; baseline 0.001 -18"><span class='ocrx_word' id='word_1_68' title='bbox 390 1471 685 1534; x_wconf 85' lang='lat' dir='ltr'>Militibus</span> <span class='ocrx_word' id='word_1_69' title='bbox 729 1470 1048 1551; x_wconf 83' lang='lat' dir='ltr'>speculam</span> <span class='ocrx_word' id='word_1_70' title='bbox 1091 1468 1534 1532; x_wconf 79' lang='lat' dir='ltr'>cernentibusd</span> <span class='ocrx_word' id='word_1_71' title='bbox 1579 1471 1750 1534; x_wconf 88' lang='lat' dir='ltr'>urbis</span> <span class='ocrx_word' id='word_1_72' title='bbox 1793 1471 1857 1531; x_wconf 79' lang='lat' dir='ltr'>iri</span> <span class='ocrx_word' id='word_1_73' title='bbox 1903 1472 2033 1534; x_wconf 91' lang='lat' dir='ltr'>eius</span> 
     </span>
     <span class='ocr_line' id='line_1_12' title="bbox 198 1570 2013 1654; baseline 0.001 -24"><span class='ocrx_word' id='word_1_74' title='bbox 198 1581 318 1632; x_wconf 77' lang='grc'>470</span> <span class='ocrx_word' id='word_1_75' title='bbox 390 1574 559 1635; x_wconf 88' lang='lat' dir='ltr'>Rure</span> <span class='ocrx_word' id='word_1_76' title='bbox 603 1571 810 1645; x_wconf 88' lang='lat' dir='ltr'>sitam,</span> <span class='ocrx_word' id='word_1_77' title='bbox 854 1571 1125 1654; x_wconf 79' lang='lat' dir='ltr'>fugiente</span> <span class='ocrx_word' id='word_1_78' title='bbox 1167 1589 1348 1632; x_wconf 86' lang='lat' dir='ltr'>mora</span> <span class='ocrx_word' id='word_1_79' title='bbox 1391 1570 1583 1632; x_wconf 84' lang='lat' dir='ltr'>tradit</span> <span class='ocrx_word' id='word_1_80' title='bbox 1625 1570 2013 1653; x_wconf 56' lang='lat' dir='ltr'>capiendos?</span> 
     </span>
     <span class='ocr_line' id='line_1_13' title="bbox 491 1670 2223 1752; baseline 0.002 -18"><span class='ocrx_word' id='word_1_81' title='bbox 491 1741 498 1746; x_wconf 59' lang='grc'><strong>,</strong></span> <span class='ocrx_word' id='word_1_82' title='bbox 557 1670 902 1734; x_wconf 86' lang='lat' dir='ltr'>Ecclesiam</span> <span class='ocrx_word' id='word_1_83' title='bbox 947 1673 1162 1734; x_wconf 73' lang='lat' dir='ltr'>cuius⁶</span> <span class='ocrx_word' id='word_1_84' title='bbox 1207 1679 1542 1752; x_wconf 87' lang='lat' dir='ltr'>penetrans</span> <span class='ocrx_word' id='word_1_85' title='bbox 1586 1673 1871 1736; x_wconf 87' lang='lat' dir='ltr'>lacerare</span> <span class='ocrx_word' id='word_1_86' title='bbox 1912 1675 2223 1740; x_wconf 82' lang='lat' dir='ltr'>fenestras</span> 
     </span>
     <span class='ocr_line' id='line_1_14' title="bbox 389 1772 1806 1848; baseline -0.001 -11"><span class='ocrx_word' id='word_1_87' title='bbox 389 1775 615 1837; x_wconf 89' lang='lat' dir='ltr'>Ictibus</span> <span class='ocrx_word' id='word_1_88' title='bbox 662 1775 947 1837; x_wconf 86' lang='lat' dir='ltr'>arboreis</span> <span class='ocrx_word' id='word_1_89' title='bbox 989 1794 1149 1836; x_wconf 91' lang='lat' dir='ltr'>unus</span> <span class='ocrx_word' id='word_1_90' title='bbox 1194 1773 1422 1836; x_wconf 87' lang='lat' dir='ltr'>vitreas</span> <span class='ocrx_word' id='word_1_91' title='bbox 1466 1772 1806 1848; x_wconf 88' lang='lat' dir='ltr'>lanionum,</span> 
     </span>
     <span class='ocr_line' id='line_1_15' title="bbox 391 1874 1863 1939; baseline -0.001 -1"><span class='ocrx_word' id='word_1_92' title='bbox 391 1877 700 1939; x_wconf 84' lang='lat' dir='ltr'>Continuo</span> <span class='ocrx_word' id='word_1_93' title='bbox 743 1875 975 1939; x_wconf 90' lang='lat' dir='ltr'>amenti</span> <span class='ocrx_word' id='word_1_94' title='bbox 1015 1874 1194 1937; x_wconf 90' lang='lat' dir='ltr'>rabie</span> <span class='ocrx_word' id='word_1_95' title='bbox 1238 1875 1632 1936; x_wconf 88' lang='lat' dir='ltr'>confunditur</span> <span class='ocrx_word' id='word_1_96' title='bbox 1677 1882 1863 1936; x_wconf 83' lang='lat' dir='ltr'>atrox</span> 
     </span>
     <span class='ocr_line' id='line_1_16' title="bbox 391 1975 2107 2058; baseline -0.001 -18"><span class='ocrx_word' id='word_1_97' title='bbox 391 1978 688 2042; x_wconf 86' lang='lat' dir='ltr'>Curribus</span> <span class='ocrx_word' id='word_1_98' title='bbox 731 1976 1148 2040; x_wconf 90' lang='lat' dir='ltr'>Eumenidum</span> <span class='ocrx_word' id='word_1_99' title='bbox 1192 1975 1382 2058; x_wconf 89' lang='lat' dir='ltr'>piceis</span> <span class='ocrx_word' id='word_1_100' title='bbox 1429 1975 1706 2039; x_wconf 76' lang='lat' dir='ltr'>artatusf</span> <span class='ocrx_word' id='word_1_101' title='bbox 1750 1980 1828 2038; x_wconf 89' lang='lat' dir='ltr'>ab</span> <span class='ocrx_word' id='word_1_102' title='bbox 1875 1979 2042 2039; x_wconf 90' lang='lat' dir='ltr'>almo</span> <span class='ocrx_word' id='word_1_103' title='bbox 2058 1987 2107 2050; x_wconf 76' lang='lat'>8,</span> 
     </span>
     <span class='ocr_line' id='line_1_17' title="bbox 207 2063 2193 2161; baseline 0 -21"><span class='ocrx_word' id='word_1_104' title='bbox 207 2092 324 2142; x_wconf 83' lang='grc'>475</span> <span class='ocrx_word' id='word_1_105' title='bbox 389 2081 690 2161; x_wconf 89' lang='lat' dir='ltr'>Morsque</span> <span class='ocrx_word' id='word_1_106' title='bbox 733 2093 1001 2160; x_wconf 91' lang='lat' dir='ltr'>sequens</span> <span class='ocrx_word' id='word_1_107' title='bbox 1045 2077 1340 2139; x_wconf 87' lang='lat' dir='ltr'>miserum</span> <span class='ocrx_word' id='word_1_108' title='bbox 1382 2078 1607 2158; x_wconf 88' lang='lat' dir='ltr'>perdit,</span> <span class='ocrx_word' id='word_1_109' title='bbox 1652 2063 1887 2158; x_wconf 84' lang='lat' dir='ltr'>pietate</span> <span class='ocrx_word' id='word_1_110' title='bbox 1931 2087 2193 2151; x_wconf 86' lang='lat' dir='ltr'>remota,</span> 
     </span>
     <span class='ocr_line' id='line_1_18' title="bbox 389 2178 1773 2261; baseline -0.003 -20"><span class='ocrx_word' id='word_1_111' title='bbox 389 2180 629 2261; x_wconf 89' lang='lat' dir='ltr'>Hisque</span> <span class='ocrx_word' id='word_1_112' title='bbox 670 2179 966 2261; x_wconf 83' lang='lat' dir='ltr'>fatigatus</span> <span class='ocrx_word' id='word_1_113' title='bbox 1011 2178 1211 2241; x_wconf 88' lang='lat' dir='ltr'>causis</span> <span class='ocrx_word' id='word_1_114' title='bbox 1253 2179 1496 2240; x_wconf 86' lang='lat' dir='ltr'>inferna</span> <span class='ocrx_word' id='word_1_115' title='bbox 1538 2178 1773 2258; x_wconf 84' lang='lat' dir='ltr'>petivit.</span> 
     </span>
     <span class='ocr_line' id='line_1_19' title="bbox 391 2279 1876 2360; baseline -0.003 -16"><span class='ocrx_word' id='word_1_116' title='bbox 391 2283 475 2344; x_wconf 93' lang='lat' dir='ltr'>Mi</span> <span class='ocrx_word' id='word_1_117' title='bbox 518 2282 831 2343; x_wconf 87' lang='lat' dir='ltr'>Germane</span> <span class='ocrx_word' id='word_1_118' title='bbox 875 2299 1072 2352; x_wconf 87' lang='lat' dir='ltr'>sacer,</span> <span class='ocrx_word' id='word_1_119' title='bbox 1116 2299 1266 2341; x_wconf 89' lang='lat' dir='ltr'>cura</span> <span class='ocrx_word' id='word_1_120' title='bbox 1308 2297 1388 2340; x_wconf 89' lang='lat' dir='ltr'>ne</span> <span class='ocrx_word' id='word_1_121' title='bbox 1431 2279 1683 2360; x_wconf 89' lang='lat' dir='ltr'>spiritus</span> <span class='ocrx_word' id='word_1_122' title='bbox 1727 2279 1876 2340; x_wconf 89' lang='lat' dir='ltr'>olim</span> 
     </span>
     <span class='ocr_line' id='line_1_20' title="bbox 392 2379 1966 2458; baseline -0.001 -14"><span class='ocrx_word' id='word_1_123' title='bbox 392 2383 502 2447; x_wconf 83' lang='lat' dir='ltr'>Illa</span> <span class='ocrx_word' id='word_1_124' title='bbox 549 2403 724 2444; x_wconf 90' lang='lat' dir='ltr'>meus</span> <span class='ocrx_word' id='word_1_125' title='bbox 770 2384 1010 2457; x_wconf 87' lang='lat' dir='ltr'>subeat,</span> <span class='ocrx_word' id='word_1_126' title='bbox 1053 2379 1225 2442; x_wconf 88' lang='lat' dir='ltr'>cuius</span> <span class='ocrx_word' id='word_1_127' title='bbox 1270 2380 1573 2442; x_wconf 87' lang='lat' dir='ltr'>miracula</span> <span class='ocrx_word' id='word_1_128' title='bbox 1624 2387 1829 2445; x_wconf 87' lang='lat' dir='ltr'>canto.</span> <span class='ocrx_word' id='word_1_129' title='bbox 1957 2450 1966 2458; x_wconf 48' lang='lat'>,</span> 
     </span>
     <span class='ocr_line' id='line_1_21' title="bbox 389 2484 2261 2566; baseline -0.001 -19"><span class='ocrx_word' id='word_1_130' title='bbox 389 2486 565 2549; x_wconf 90' lang='lat' dir='ltr'>Haec</span> <span class='ocrx_word' id='word_1_131' title='bbox 607 2492 671 2546; x_wconf 92' lang='lat' dir='ltr'>et</span> <span class='ocrx_word' id='word_1_132' title='bbox 713 2504 839 2565; x_wconf 91' lang='lat' dir='ltr'>quo</span> <span class='ocrx_word' id='word_1_133' title='bbox 883 2486 1174 2565; x_wconf 89' lang='lat' dir='ltr'>supplere</span> <span class='ocrx_word' id='word_1_134' title='bbox 1219 2502 1466 2566; x_wconf 83' lang='lat' dir='ltr'>queam,</span> <span class='ocrx_word' id='word_1_135' title='bbox 1510 2484 1725 2545; x_wconf 87' lang='lat' dir='ltr'>faveas</span> <span class='ocrx_word' id='word_1_136' title='bbox 1771 2503 2018 2564; x_wconf 90' lang='lat' dir='ltr'>precor,</span> <span class='ocrx_word' id='word_1_137' title='bbox 2064 2485 2261 2560; x_wconf 84' lang='lat' dir='ltr'>alme3</span> 
     </span>
     <span class='ocr_line' id='line_1_22' title="bbox 208 2584 2261 2671; baseline -0.001 -22"><span class='ocrx_word' id='word_1_138' title='bbox 208 2597 329 2649; x_wconf 83' lang='grc'>480</span> <span class='ocrx_word' id='word_1_139' title='bbox 391 2589 650 2651; x_wconf 89' lang='lat' dir='ltr'>Summa</span> <span class='ocrx_word' id='word_1_140' title='bbox 693 2586 888 2669; x_wconf 84' lang='lat' dir='ltr'>patris</span> <span class='ocrx_word' id='word_1_141' title='bbox 932 2586 1177 2659; x_wconf 87' lang='lat' dir='ltr'>summi,</span> <span class='ocrx_word' id='word_1_142' title='bbox 1222 2586 1496 2667; x_wconf 89' lang='lat' dir='ltr'>natique,</span> <span class='ocrx_word' id='word_1_143' title='bbox 1540 2584 1828 2670; x_wconf 69' lang='lat' dir='ltr'>rogatob,</span> <span class='ocrx_word' id='word_1_144' title='bbox 1874 2584 2195 2671; x_wconf 78' lang='lat' dir='ltr'>columbai</span> <span class='ocrx_word' id='word_1_145' title='bbox 2252 2600 2261 2609; x_wconf 87' lang='lat'><strong>·</strong></span> 
     </span>
     <span class='ocr_line' id='line_1_23' title="bbox 392 2682 2061 2768; baseline -0.004 -15"><span class='ocrx_word' id='word_1_146' title='bbox 392 2690 523 2753; x_wconf 89' lang='lat' dir='ltr'>Ore</span> <span class='ocrx_word' id='word_1_147' title='bbox 568 2708 710 2750; x_wconf 90' lang='lat' dir='ltr'>meo</span> <span class='ocrx_word' id='word_1_148' title='bbox 755 2689 994 2761; x_wconf 88' lang='lat' dir='ltr'>sedeat,</span> <span class='ocrx_word' id='word_1_149' title='bbox 1037 2694 1309 2749; x_wconf 89' lang='lat' dir='ltr'>mentem</span> <span class='ocrx_word' id='word_1_150' title='bbox 1354 2688 1617 2768; x_wconf 86' lang='lat' dir='ltr'>repleat,</span> <span class='ocrx_word' id='word_1_151' title='bbox 1661 2687 1763 2768; x_wconf 90' lang='lat' dir='ltr'>pie</span> <span class='ocrx_word' id='word_1_152' title='bbox 1808 2682 2061 2760; x_wconf 84' lang='lat' dir='ltr'>domne,</span> 
     </span>
     <span class='ocr_line' id='line_1_24' title="bbox 390 2788 2011 2875; baseline 0 -23"><span class='ocrx_word' id='word_1_153' title='bbox 390 2790 644 2875; x_wconf 86' lang='lat' dir='ltr'>Actibus</span> <span class='ocrx_word' id='word_1_154' title='bbox 687 2796 880 2869; x_wconf 88' lang='lat' dir='ltr'>atque</span> <span class='ocrx_word' id='word_1_155' title='bbox 922 2788 1118 2850; x_wconf 87' lang='lat' dir='ltr'>sacris</span> <span class='ocrx_word' id='word_1_156' title='bbox 1161 2789 1457 2849; x_wconf 85' lang='lat' dir='ltr'>virtutum</span> <span class='ocrx_word' id='word_1_157' title='bbox 1500 2788 1762 2853; x_wconf 87' lang='lat' dir='ltr'>floribus</span> <span class='ocrx_word' id='word_1_158' title='bbox 1808 2797 2011 2863; x_wconf 87' lang='lat' dir='ltr'>ornet,</span> 
     </span>
     <span class='ocr_line' id='line_1_25' title="bbox 390 2887 1986 2975; baseline 0.001 -21"><span class='ocrx_word' id='word_1_159' title='bbox 390 2892 681 2975; x_wconf 82' lang='lat' dir='ltr'>Expulsis</span> <span class='ocrx_word' id='word_1_160' title='bbox 725 2889 986 2951; x_wconf 90' lang='lat' dir='ltr'>sestrice</span> <span class='ocrx_word' id='word_1_161' title='bbox 1007 2900 1027 2933; x_wconf 87' lang='lat'><strong>¹</strong></span> <span class='ocrx_word' id='word_1_162' title='bbox 1074 2888 1300 2953; x_wconf 71' lang='lat' dir='ltr'>sacrak</span> <span class='ocrx_word' id='word_1_163' title='bbox 1346 2887 1506 2950; x_wconf 83' lang='lat' dir='ltr'>vitiis</span> <span class='ocrx_word' id='word_1_164' title='bbox 1548 2890 1765 2969; x_wconf 86' lang='lat' dir='ltr'>procul</span> <span class='ocrx_word' id='word_1_165' title='bbox 1811 2891 1986 2956; x_wconf 76' lang='lat' dir='ltr'>atris·</span> 
     </span>
     <span class='ocr_line' id='line_1_26' title="bbox 559 2990 2087 3063; baseline -0.001 -11"><span class='ocrx_word' id='word_1_166' title='bbox 559 2991 860 3053; x_wconf 86' lang='lat' dir='ltr'>Torriculi</span> <span class='ocrx_word' id='word_1_167' title='bbox 903 2992 1213 3052; x_wconf 88' lang='lat' dir='ltr'>scandens</span> <span class='ocrx_word' id='word_1_168' title='bbox 1257 2990 1414 3051; x_wconf 89' lang='lat' dir='ltr'>alius</span> <span class='ocrx_word' id='word_1_169' title='bbox 1457 2990 1723 3053; x_wconf 89' lang='lat' dir='ltr'>sublime</span> <span class='ocrx_word' id='word_1_170' title='bbox 1767 3010 2087 3063; x_wconf 85' lang='lat' dir='ltr'>cacumen,</span> 
     </span>
     <span class='ocr_line' id='line_1_27' title="bbox 209 3090 2321 3175; baseline -0.001 -20"><span class='ocrx_word' id='word_1_171' title='bbox 209 3112 326 3162; x_wconf 82' lang='lat'>485</span> <span class='ocrx_word' id='word_1_172' title='bbox 392 3094 594 3156; x_wconf 88' lang='lat' dir='ltr'>Mutat</span> <span class='ocrx_word' id='word_1_173' title='bbox 636 3094 755 3154; x_wconf 89' lang='lat' dir='ltr'>iter</span> <span class='ocrx_word' id='word_1_174' title='bbox 798 3112 913 3173; x_wconf 90' lang='lat' dir='ltr'>per</span> <span class='ocrx_word' id='word_1_175' title='bbox 961 3094 1130 3173; x_wconf 90' lang='lat' dir='ltr'>quod</span> <span class='ocrx_word' id='word_1_176' title='bbox 1177 3091 1380 3164; x_wconf 88' lang='lat' dir='ltr'>subiit,</span> <span class='ocrx_word' id='word_1_177' title='bbox 1425 3111 1679 3175; x_wconf 85' lang='lat' dir='ltr'>gressus</span> <span class='ocrx_word' id='word_1_178' title='bbox 1726 3112 1975 3172; x_wconf 90' lang='lat' dir='ltr'>quoque</span> <span class='ocrx_word' id='word_1_179' title='bbox 2020 3090 2213 3155; x_wconf 90' lang='lat' dir='ltr'>volvit</span> <span class='ocrx_word' id='word_1_180' title='bbox 2316 3103 2321 3107; x_wconf 86' lang='lat'>&#39;</span> 
     </span>
     <span class='ocr_line' id='line_1_28' title="bbox 396 3192 2019 3274; baseline -0.002 -16"><span class='ocrx_word' id='word_1_181' title='bbox 396 3196 607 3259; x_wconf 86' lang='lat' dir='ltr'>Ardua</span> <span class='ocrx_word' id='word_1_182' title='bbox 649 3192 959 3273; x_wconf 89' lang='lat' dir='ltr'>praecelsi</span> <span class='ocrx_word' id='word_1_183' title='bbox 1000 3192 1258 3253; x_wconf 89' lang='lat' dir='ltr'>nimium</span> <span class='ocrx_word' id='word_1_184' title='bbox 1306 3212 1415 3273; x_wconf 87' lang='lat' dir='ltr'>per</span> <span class='ocrx_word' id='word_1_185' title='bbox 1460 3193 1729 3255; x_wconf 89' lang='lat' dir='ltr'>culmina</span> <span class='ocrx_word' id='word_1_186' title='bbox 1772 3194 2019 3274; x_wconf 81' lang='lat' dir='ltr'>templi3</span> 
     </span>
     <span class='ocr_line' id='line_1_29' title="bbox 391 3293 1735 3377; baseline -0.004 -18"><span class='ocrx_word' id='word_1_187' title='bbox 391 3296 554 3359; x_wconf 88' lang='lat' dir='ltr'>Ossa</span> <span class='ocrx_word' id='word_1_188' title='bbox 599 3296 694 3357; x_wconf 91' lang='lat' dir='ltr'>cui</span> <span class='ocrx_word' id='word_1_189' title='bbox 738 3294 1025 3376; x_wconf 82' lang='lat' dir='ltr'>fraegere</span> <span class='ocrx_word' id='word_1_190' title='bbox 1069 3294 1234 3357; x_wconf 86' lang='lat' dir='ltr'>sacri</span> <span class='ocrx_word' id='word_1_191' title='bbox 1276 3293 1524 3377; x_wconf 79' lang='lat' dir='ltr'>fastigia</span> <span class='ocrx_word' id='word_1_192' title='bbox 1570 3293 1735 3367; x_wconf 90' lang='lat' dir='ltr'>tecti,</span> 
     </span>
     <span class='ocr_line' id='line_1_30' title="bbox 393 3395 2068 3478; baseline -0.001 -18"><span class='ocrx_word' id='word_1_193' title='bbox 393 3398 687 3460; x_wconf 88' lang='lat' dir='ltr'>Germani</span> <span class='ocrx_word' id='word_1_194' title='bbox 734 3396 969 3457; x_wconf 90' lang='lat' dir='ltr'>meritis</span> <span class='ocrx_word' id='word_1_195' title='bbox 1014 3395 1395 3478; x_wconf 80' lang='lat' dir='ltr'>urgentibus,</span> <span class='ocrx_word' id='word_1_196' title='bbox 1481 3395 1622 3455; x_wconf 93' lang='lat' dir='ltr'>Hoc</span> <span class='ocrx_word' id='word_1_197' title='bbox 1665 3414 1855 3476; x_wconf 90' lang='lat' dir='ltr'>super</span> <span class='ocrx_word' id='word_1_198' title='bbox 1898 3397 2068 3458; x_wconf 89' lang='lat' dir='ltr'>urbis</span> 
     </span>
     <span class='ocr_line' id='line_1_31' title="bbox 389 3496 2229 3581; baseline 0 -21"><span class='ocrx_word' id='word_1_199' title='bbox 389 3498 726 3581; x_wconf 86' lang='lat' dir='ltr'>Pergama¹</span> <span class='ocrx_word' id='word_1_200' title='bbox 773 3505 947 3560; x_wconf 91' lang='lat' dir='ltr'>stans</span> <span class='ocrx_word' id='word_1_201' title='bbox 995 3502 1350 3558; x_wconf 82' lang='lat' dir='ltr'>venturusm</span> <span class='ocrx_word' id='word_1_202' title='bbox 1397 3496 1540 3559; x_wconf 89' lang='lat' dir='ltr'>Odo</span> <span class='ocrx_word' id='word_1_203' title='bbox 1587 3516 1700 3557; x_wconf 85' lang='lat' dir='ltr'>rex</span> <span class='ocrx_word' id='word_1_204' title='bbox 1744 3498 2020 3578; x_wconf 89' lang='lat' dir='ltr'>prodidit</span> <span class='ocrx_word' id='word_1_205' title='bbox 2062 3500 2229 3561; x_wconf 90' lang='lat' dir='ltr'>omni</span> 
     </span>
     <span class='ocr_line' id='line_1_32' title="bbox 211 3597 1829 3682; baseline -0.002 -19"><span class='ocrx_word' id='word_1_206' title='bbox 211 3614 328 3665; x_wconf 83' lang='grc'>490</span> <span class='ocrx_word' id='word_1_207' title='bbox 392 3599 654 3682; x_wconf 89' lang='lat' dir='ltr'>Stipanti</span> <span class='ocrx_word' id='word_1_208' title='bbox 699 3605 896 3663; x_wconf 93' lang='lat' dir='ltr'>semet</span> <span class='ocrx_word' id='word_1_209' title='bbox 939 3598 1125 3679; x_wconf 90' lang='lat' dir='ltr'>plebi,</span> <span class='ocrx_word' id='word_1_210' title='bbox 1171 3597 1358 3679; x_wconf 85' lang='lat' dir='ltr'>digito</span> <span class='ocrx_word' id='word_1_211' title='bbox 1403 3598 1829 3662; x_wconf 83' lang='lat' dir='ltr'>manifestans.</span> 
     </span>
    </p>
   </div>
   <div class='ocr_carea' id='block_1_3' title="bbox 390 3810 2585 3981">
    <p class='ocr_par' dir='ltr' id='par_1_3' title="bbox 390 3810 2585 3981">
     <span class='ocr_line' id='line_1_33' title="bbox 393 3810 2584 3871; baseline 0.003 -18"><span class='ocrx_word' id='word_1_212' title='bbox 393 3812 439 3865; x_wconf 76' lang='grc' dir='ltr'>α)</span> <span class='ocrx_word' id='word_1_213' title='bbox 469 3815 656 3864; x_wconf 77' lang='lat' dir='ltr'>pratum.</span> <span class='ocrx_word' id='word_1_214' title='bbox 813 3810 860 3863; x_wconf 88' lang='lat' dir='ltr'>b)</span> <span class='ocrx_word' id='word_1_215' title='bbox 892 3811 1136 3863; x_wconf 86' lang='lat' dir='ltr'>pulchram.</span> <span class='ocrx_word' id='word_1_216' title='bbox 1313 3812 1356 3865; x_wconf 88' lang='lat' dir='ltr'>c)</span> <span class='ocrx_word' id='word_1_217' title='bbox 1387 3816 1589 3856; x_wconf 43' lang='lat' dir='ltr'>sanctus,</span> <span class='ocrx_word' id='word_1_218' title='bbox 1732 3814 1779 3865; x_wconf 88' lang='lat' dir='ltr'>d)</span> <span class='ocrx_word' id='word_1_219' title='bbox 1812 3813 2186 3857; x_wconf 81' lang='lat' dir='ltr'>custodientibus.</span> <span class='ocrx_word' id='word_1_220' title='bbox 2350 3818 2393 3871; x_wconf 91' lang='lat' dir='ltr'>e)</span> <span class='ocrx_word' id='word_1_221' title='bbox 2424 3819 2584 3860; x_wconf 77' lang='lat' dir='ltr'>sancti.</span> 
     </span>
     <span class='ocr_line' id='line_1_34' title="bbox 392 3868 2585 3928; baseline 0.004 -17"><span class='ocrx_word' id='word_1_222' title='bbox 392 3870 430 3923; x_wconf 74' lang='lat' dir='ltr'>l)</span> <span class='ocrx_word' id='word_1_223' title='bbox 457 3868 736 3912; x_wconf 80' lang='lat' dir='ltr'>coniunctus.</span> <span class='ocrx_word' id='word_1_224' title='bbox 915 3870 960 3923; x_wconf 80' lang='lat' dir='ltr'>g)</span> <span class='ocrx_word' id='word_1_225' title='bbox 1003 3873 1160 3911; x_wconf 84' lang='lat' dir='ltr'>sancto</span> <span class='ocrx_word' id='word_1_226' title='bbox 1205 3868 1434 3913; x_wconf 81' lang='lat' dir='ltr'>Germano.</span> <span class='ocrx_word' id='word_1_227' title='bbox 1617 3872 1662 3924; x_wconf 85' lang='lat' dir='ltr'>b)</span> <span class='ocrx_word' id='word_1_228' title='bbox 1700 3874 1926 3925; x_wconf 79' lang='lat' dir='ltr'>postula..</span> <span class='ocrx_word' id='word_1_229' title='bbox 2069 3875 2101 3928; x_wconf 85' lang='lat' dir='ltr'>i)</span> <span class='ocrx_word' id='word_1_230' title='bbox 2145 3874 2339 3928; x_wconf 74' lang='lat' dir='ltr'>Spiritus</span> <span class='ocrx_word' id='word_1_231' title='bbox 2384 3881 2585 3919; x_wconf 77' lang='lat' dir='ltr'>sanctus.</span> 
     </span>
     <span class='ocr_line' id='line_1_35' title="bbox 390 3927 1670 3981; baseline 0 -10"><span class='ocrx_word' id='word_1_232' title='bbox 390 3927 440 3979; x_wconf 74' lang='lat' dir='ltr'>k)</span> <span class='ocrx_word' id='word_1_233' title='bbox 470 3927 683 3971; x_wconf 76' lang='lat' dir='ltr'>columba.</span> <span class='ocrx_word' id='word_1_234' title='bbox 875 3927 910 3980; x_wconf 90' lang='grc'>1)</span> <span class='ocrx_word' id='word_1_235' title='bbox 939 3928 1099 3971; x_wconf 83' lang='lat' dir='ltr'>menia.</span> <span class='ocrx_word' id='word_1_236' title='bbox 1277 3929 1337 3981; x_wconf 88' lang='lat' dir='ltr'>m)</span> <span class='ocrx_word' id='word_1_237' title='bbox 1366 3929 1544 3972; x_wconf 79' lang='lat' dir='ltr'>mturus</span> <span class='ocrx_word' id='word_1_238' title='bbox 1576 3942 1670 3973; x_wconf 83' lang='lat' dir='ltr'>rex.</span> 
     </span>
    </p>
   </div>
   <div class='ocr_carea' id='block_1_4' title="bbox 348 4044 2586 4207">
    <p class='ocr_par' dir='ltr' id='par_1_4' title="bbox 348 4044 2586 4207">
     <span class='ocr_line' id='line_1_36' title="bbox 348 4044 2586 4133; baseline 0.004 -23"><span class='ocrx_word' id='word_1_239' title='bbox 348 4069 355 4074; x_wconf 87' lang='grc'><em>·</em></span> <span class='ocrx_word' id='word_1_240' title='bbox 395 4058 452 4125; x_wconf 84' lang='lat'>1)</span> <span class='ocrx_word' id='word_1_241' title='bbox 493 4074 590 4109; x_wconf 81' lang='lat' dir='ltr'>vox</span> <span class='ocrx_word' id='word_1_242' title='bbox 613 4056 868 4115; x_wconf 82' lang='lat' dir='ltr'>obscura;</span> <span class='ocrx_word' id='word_1_243' title='bbox 904 4056 1113 4111; x_wconf 74' lang='lat' dir='ltr'>videtur</span> <span class='ocrx_word' id='word_1_244' title='bbox 1141 4076 1259 4111; x_wconf 78' lang='lat' dir='ltr'>esse</span> <span class='ocrx_word' id='word_1_245' title='bbox 1289 4058 1603 4113; x_wconf 70' lang='lat' dir='ltr'>femininum</span> <span class='ocrx_word' id='word_1_246' title='bbox 1626 4060 1866 4131; x_wconf 81' lang='lat' dir='ltr'>(propter</span> <span class='ocrx_word' id='word_1_247' title='bbox 1898 4078 2057 4117; x_wconf 75' lang='lat' dir='ltr'>sacra</span> <span class='ocrx_word' id='word_1_248' title='bbox 2085 4044 2397 4133; x_wconf 64' lang='lat' dir='ltr'>[columban</span> <span class='ocrx_word' id='word_1_249' title='bbox 2441 4068 2586 4120; x_wconf 81' lang='lat' dir='ltr'>vocis</span> 
     </span>
     <span class='ocr_line' id='line_1_37' title="bbox 393 4129 2485 4207; baseline 0.004 -24"><span class='ocrx_word' id='word_1_250' title='bbox 393 4130 482 4184; x_wconf 83' lang='lat' dir='ltr'>hic</span> <span class='ocrx_word' id='word_1_251' title='bbox 521 4130 729 4183; x_wconf 81' lang='lat' dir='ltr'>tertiam</span> <span class='ocrx_word' id='word_1_252' title='bbox 768 4129 1061 4183; x_wconf 80' lang='lat' dir='ltr'>divinitatis</span> <span class='ocrx_word' id='word_1_253' title='bbox 1101 4141 1324 4201; x_wconf 83' lang='lat' dir='ltr'>partem,</span> <span class='ocrx_word' id='word_1_254' title='bbox 1364 4131 1398 4186; x_wconf 90' lang='lat' dir='ltr'>i.</span> <span class='ocrx_word' id='word_1_255' title='bbox 1438 4150 1484 4185; x_wconf 88' lang='lat' dir='ltr'>e.</span> <span class='ocrx_word' id='word_1_256' title='bbox 1527 4132 1787 4203; x_wconf 81' lang='lat' dir='ltr'>Spiritum</span> <span class='ocrx_word' id='word_1_257' title='bbox 1827 4145 2087 4201; x_wconf 82' lang='lat' dir='ltr'>sanctum,</span> <span class='ocrx_word' id='word_1_258' title='bbox 2128 4138 2485 4207; x_wconf 64' lang='lat' dir='ltr'>exprimentis</span> 
     </span>
    </p>
   </div>
  </div>
 </body>
</html>
