3108 4890
426 345 509 423 30
829 340 1040 403 ΑΒΒΟ
1082 341 1187 402 DE
1228 340 1499 402 BELLlS
1543 340 1787 404 PARIS.
1875 340 2102 405 LIBER
2147 344 2219 406 11.
2262 339 2270 345 ⁴

302 541 379 591 85
430 523 854 608 Obiurgantur
898 531 961 586 et
1000 524 1067 586 hi
1112 525 1483 599 castellaniS‚
1530 526 1674 608 quia
1719 545 1902 588 sacra
2364 534 2429 591 Α.
2474 543 2488 592 t

428 627 565 688 Non
610 627 947 698 celebrant,
993 626 1120 688 alto
1164 626 1311 700 inde
1352 634 1540 689 ruunt
1583 647 1721 689 cum
1767 634 1974 688 mente
2020 627 2345 694 cachinno.

425 727 788 810 Mergitibus
807 737 834 768 ⁸
876 727 1223 808 plaustrum
1266 746 1381 808 per
1422 746 1576 789 rura
1619 735 1874 790 movent
1917 728 2330 809 gravidatum,
2451 712 2453 715 ¹

428 828 696 909 Cuspide
738 838 919 912 terga
960 829 1151 891 boum
1195 849 1384 893 verso
1428 829 1686 891 nimium
1728 830 2136 892 stimulantes.

426 930 715 992 Protinus
756 930 854 992 his
900 929 1200 1011 propriae
1243 931 1478 993 claudis
1522 931 1655 992 sine
1699 930 1957 992 crimine
2001 951 2232 994 causae

305 1047 382 1100 ao
429 1030 817 1094 Connectunt
859 1031 1035 1108 alim,
1079 1033 1418 1115 pluresque
1461 1032 1690 1094 dehinc
1731 1033 2047 1113 aliosque3

430 1132 770 1196 Certabant
812 1133 969 1216 elegi
986 1131 1015 1174 ι’
1062 1133 1333 1216 scapulis
1378 1153 1698 1215 cornuque
1739 1134 1996 1207 iuvenci,

427 1234 687 1315 Iamque
729 1234 945 1297 lavant
983 1235 1278 1317 proprias
1322 1234 1521 1296 rubeo
1568 1236 1646 1296 de
1690 1211 1991 1316 sanguine
2035 1245 2260 1310 cestim,

429 1335 694 1417 Nonque
735 1336 945 1398 valent
987 1354 1171 1397 axem
1214 1335 1396 1397 terris
1439 1336 1797 1418 disiungere
1837 1336 2052 1411 fixum,

429 1437 815 1519 Attonitique
859 1443 1111 1519 stupent
1151 1437 1367 1499 domni
1411 1437 1708 1500 miracula
1752 1439 1968 1501 nostri.

306 1549 380 1601 95
431 1539 764 1601 Solvuntur
805 1540 989 1614 tauri,
1034 1540 1441 1622 stimulusque
1484 1540 1666 1602 ferox
1707 1541 2031 1622 requievit.

432 1641 565 1702 Lux
608 1642 835 1723 segetis
877 1641 1151 1704 recidiva
1193 1649 1367 1704 rotas
1410 1640 1626 1722 spoliis
1669 1642 1975 1714 vacuavit,

431 1744 635 1823 Atque
679 1743 807 1806 suis
854 1742 1102 1804 clodum
1143 1743 1461 1805 revocavit
1502 1742 1774 1805 motibus
1818 1762 2022 1805 axem.

596 1843 913 1926 Effugiens
956 1844 1226 1906 horum⁰
1270 1843 1522 1925 quidam
1565 1843 1772 1906 iussus
1815 1844 2108 1927 iugulari,
2143 1863 2151 1873 ⁸

430 1945 690 2026 Templa
731 1944 1087 2007 subintroiit
1128 1946 1347 2018 sancti,
1391 1944 1589 2007 tenuit
1631 1965 1880 2027 quoque
1920 1947 2170 2009 bustum
2191 1945 2241 2006 ἃ.

269 2053 385 2105 100
431 2045 683 2108 Pellitur
726 2045 874 2109 inde
917 2045 1108 2109 miser
1148 2047 1416 2129 profuga
1458 2046 1695 2127 pietate
1737 2046 2088 2124 necandus3

430 2149 565 2209 Vae
610 2147 883 2211 miseris!
929 2149 1194 2210 multant
1235 2150 1497 2230 elegum,
1543 2149 1883 2212 multantur
1926 2156 1989 2211 et
2029 2149 2184 2230 ipsi;

433 2248 617 2323 Quod
663 2269 887 2312 munus
931 2250 1238 2312 dederant
1280 2250 1476 2322 socio,
1520 2249 1705 2313 simili
1747 2249 1982 2330 pietate

432 2350 728 2413 Germani
772 2351 1009 2413 meritis
1053 2359 1304 2414 nactum
1324 2360 1349 2392 ⁰
1395 2351 1597 2413 cuncti
1641 2360 2021 2426 meruerunt,

431 2453 703 2517 Caelitus
748 2454 962 2517 afflicti
1002 2453 1258 2515 nimium
1301 2472 1420 2533 pro
1460 2453 1690 2516 talibus
1736 2454 1926 2517 ausis.

268 2556 381 2607 105
432 2554 607 2617 Unde
650 2556 1013 2617 sacerdotes
1059 2561 1353 2629 statuere,
1398 2556 1606 2617 locum
1648 2563 2043 2628 venerantes,

433 2655 555 2730 Qui
600 2655 827 2718 missas
873 2655 1252 2738 cursusque‘
1294 2676 1514 2721 sacros
1556 2656 1677 2719 illis
1724 2656 2166 2721 celebrassent.

428 2758 602 2820 Tunc
644 2767 912 2819 omnesss
954 2759 1244 2840 cuiquam
1287 2758 1625 2839 prohibent
1664 2758 1811 2821 hinc
1851 2761 2072 2822 tollere
2117 2758 2482 2841 quicquam;

431 2858 616 2933 Quod
658 2859 901 2923 violans
943 2880 1125 2935 unus,
1167 2860 1427 2942 proprio
1471 2862 1721 2923 deferre
1764 2862 1946 2923 cubili

429 2961 746 3024 Ecclesiae
788 2970 1038 3044 tegmen
1080 2962 1344 3037 studuit3
1391 2965 1503 3025 sub
1550 2979 1687 3043 quo·
1720 2962 2050 3025 manifeste

267 3068 382 3118 110
430 3061 685 3143 Effigies
709 3072 727 3107 ¹
777 3063 909 3126 eius
950 3064 1213 3144 repetita
1255 3062 1369 3124 suit
1409 3062 1731 3143 puerilem,

428 3164 669 3227 Scilicet
708 3171 936 3226 eventu
980 3164 1131 3226 nulli
1172 3163 1481 3227 similante
1522 3151 1779 3237 minuta,

428 3266 593 3329 Nota
637 3267 859 3347 quibus
903 3266 1107 3327 fuerat
1147 3265 1414 3346 pridem,
1459 3284 1573 3326 nec
1615 3264 1893 3328 noscitur
1935 3265 2061 3327 ullo

430 3366 702 3447 Oppido,
748 3368 945 3428 miror
988 3365 1095 3427 ubi
1135 3384 1333 3429 venae
1375 3366 1678 3448 nervique
1717 3366 2001 3440 laterent,

431 3467 721 3549 Ossaque
761 3466 1049 3549 fugerunt
1091 3466 1329 3548 pariter
1368 3467 1642 3549 fugiente
1683 3468 1978 3540 medulla,

270 3576 382 3627 115
428 3568 688 3632 Viscera
731 3569 1063 3651 speluncae
1107 3569 1307 3633 tenuis
1348 3567 1602 3631 foveam
1643 3570 1900 3651 petiere.

427 3670 630 3734 Maior
669 3671 1021 3733 habebatur
1062 3669 1305 3752 magnis
1352 3707 1422 3719 —
1473 3670 1762 3733 mirabile
1802 3672 2034 3733 factum
2077 3706 2155 3719 —-

426 3831 471 3884 a)
500 3828 667 3884 garbis.
799 3828 846 3884 h)
874 3829 1040 3873 miseri.
1172 3828 1216 3882 ο)
1244 3828 1605 3873 Romanunm-um.
1739 3830 1786 3884 d)
1817 3830 2113 3885 sepulchrum.
2235 3827 2279 3881 e)
2309 3838 2488 3871 consecr

426 3888 464 3942 f)
492 3889 625 3931 horas
657 3888 911 3931 canonicas.
1032 3889 1078 3943 g)
1106 3887 1205 3931 scil.
1239 3888 1379 3931 saevi.

434 4016 483 4087 1)
522 4017 730 4087 effigies
769 4018 887 4071 eius
923 4017 1147 4089 repetita
1185 4017 1289 4072 fuit
1324 4018 1385 4087 (i.
1418 4034 1467 4073 e.
1503 4017 1770 4091 repetivit,
1807 4017 2007 4072 imitata
2047 4020 2150 4089 est)
2169 4019 2435 4091 puerilem
2475 4024 2497 4088 ζ

429 4090 711 4162 effigiem),
748 4091 954 4145 scilicet
991 4091 1195 4145 minuta
1231 4092 1537 4161 (imminuta
1576 4094 1794 4172 eventu)
1832 4092 2013 4147 unico.
