3108 4890
205 709 210 714 ’
311 727 426 779 480

307 1234 422 1286 485

251 1776 253 1778 ·
303 1759 421 1811 490

302 2273 416 2324 495

490 321 573 384 42
881 314 1092 377 Anno
1138 315 1244 378 DE
1286 313 1554 375 aumas
1598 295 1843 380 PAms.
1929 314 2180 379 unna.
2224 311 2295 378 ιι.

488 503 747 566 Deditus
791 508 888 564 est
929 501 1097 563 idem
1138 501 1408 583 primus;
1451 500 1722 581 primum
1768 499 1933 561 duita
1977 500 2211 564 umbris

489 605 778 668 Luteciae
823 612 1087 676 torvum,
1132 612 1470 686 postquam
1514 601 1720 684 primo
1763 609 2043 683 patuere.

487 709 861 790 Principium
904 706 1094 789 gladii
1135 706 1330 769 tenuit
1371 705 1689 786 finemque
1729 706 1980 788 recepit,

487 811 674 874 Hocb
719 831 907 893 super
947 810 1197 883 infidos,
1240 809 1449 871 illum⁶
1493 807 1720 888 corpus
1765 829 1953 890 super
1996 809 2149 875 eius·

487 915 768 977 Rotberti
809 915 1016 976 fuerat
1056 932 1307 995 pugnax
1351 911 1594 974 comitis
1638 912 2095 973 Sclademarus.

489 1004 883 1098 Dispulerat'e'
923 1014 1135 1098 galeas
1181 1024 1384 1078 terror
1429 1014 1879 1096 propriumque
1924 1017 2037 1076 sub
2083 1019 2301 1078 urbem

487 1122 761 1185 Lunatas
806 1119 1020 1183 stadiis
1064 1118 1307 1181 libitum
1350 1118 1550 1198 peltas
1596 1117 1907 1179 trecentis.

653 1224 988 1284 Praeterea
1032 1221 1495 1308 quadringentis
1541 1241 1579 1282 a
1624 1219 1790 1280 mille
1833 1220 2093 1282 remotis

484 1326 774 1388 Acefalos
816 1325 1156 1405 prostravit
1195 1325 1368 1385 humi
1410 1323 1689 1405 peditum
1734 1315 2063 1385 comitatus

484 1427 744 1508 Agmine
788 1428 1133 1490 tercentum
1174 1435 1412 1508 pastor,
1458 1427 1797 1488 certamine
1841 1429 2070 1488 acerbo

485 1529 721 1593 Nobilis
765 1530 1200 1602 Anschericus,
1246 1530 1488 1610 pollens
1535 1549 1614 1590 ex
1655 1529 1927 1610 Virginis
1975 1549 2117 1604 ore;

486 1631 584 1694 sic
625 1633 864 1696 alacres
909 1632 1179 1714 spolium
1218 1633 1525 1694 revehunt
1569 1633 1649 1696 ad
1695 1632 1944 1694 moenia
1989 1631 2247 1693 multum

483 1735 732 1809 Urbani,
774 1742 1138 1816 praestante
1176 1736 1315 1796 Deo
1357 1735 1463 1816 qui
1505 1739 1727 1815 regnat
1770 1737 1849 1796 ab
1894 1733 2047 1800 alte.

651 1837 1071 1925 Expediamus
1117 1837 1344 1900 abhinc
1385 1837 1607 1920 dignos
1653 1837 1877 1898 Odone
1922 1837 2301 1918 triumphos:

479 1941 818 2002 Falconem
860 1941 1136 2002 vocitant
1175 1941 1452 2020 equitum
1496 1961 1633 2022 quo.
1670 1939 1839 2002 milia
1878 1940 2025 2002 vicit

481 2045 658 2105 Dena
703 2057 1054 2124 novemque
1099 2043 1325 2104 dehinc
1365 2043 1688 2105 Montemd
1730 2043 2136 2126 peditumque
2179 2045 2465 2136 profana.

484 2146 621 2208 Hoc
661 2146 750 2207 illi
791 2145 1025 2207 vicibus
1069 2145 1314 2228 peperit
1356 2145 1565 2213 natale
1608 2148 1941 2228 tropheum
1976 2181 1983 2186 -

483 2249 615 2310 Lux
658 2248 1088 2337 praecursoris
1132 2247 1379 2311 Domini
1425 2251 1781 2310 catecasta0
1824 2251 2139 2314 Iohannis.

394 2391 400 2396 -
436 2417 439 2420 ,
484 2350 730 2433 Quippe
770 2353 933 2414 latus
977 2352 1289 2432 utrimque
1331 2351 1478 2413 viris
1524 2359 1806 2433 comptus
1850 2353 2127 2434 clipeatis

301 2782 418 2833 500

297 3294 414 3346 505

481 2455 666 2528 Mille,
708 2456 956 2539 legebat
995 2455 1133 2527 iter,
1177 2455 1427 2534 quando
1469 2455 1708 2537 tyronis
1752 2459 1829 2516 ab
1876 2476 1989 2517 ore

481 2558 778 2620 Venantis
825 2558 1079 2620 canibus
1122 2558 1372 2640 lepores
1415 2576 1757 2619 nemorosa
1800 2577 1915 2638 per
1959 2578 2131 2632 arva,

479 2661 776 2722 Panditur
820 2646 1160 2722 adventare
1203 2660 1482 2740 aequites
1526 2678 1640 2739 per
1683 2648 2122 2727 milliasevos

478 2762 588 2825 ldf
632 2771 996 2844 scutumque
1039 2762 1220 2825 simul
1262 2763 1498 2844 recipit,
1544 2752 1833 2845 colloque
1875 2764 2207 2845 pependit,

479 2866 798 2946 Armaque
841 2886 982 2927 cum
1027 2866 1212 2929 sociis
1259 2866 1518 2947 stringit,
1564 2873 1898 2947 penetrans
1943 2866 2211 2949 inopina-

478 2969 740 3035 Praelia.
830 2968 1124 3031 Solamen
1171 2967 1398 3031 celeste
1440 2968 1615 3050 petit,
1660 2970 1827 3050 rapit
1868 2976 2057 3050 atque

477 3070 754 3146 Viscera,
801 3073 1121 3154 deponunt
1164 3071 1265 3133 alii
1311 3072 1563 3153 clipeos,
1609 3072 2011 3152 animasque3

479 3175 681 3255 Terga
726 3184 954 3256 parant
995 3173 1218 3253 reliqui
1259 3173 1572 3254 regalibus
1616 3174 1678 3235 in
1726 3170 1947 3254 quibus
1994 3175 2183 3236 armis

480 3277 572 3338 Ex
614 3278 826 3358 pueris
869 3276 1043 3338 libuit
1082 3276 1278 3337 ternis
1323 3277 1719 3357 requiescere
1763 3275 2023 3338 Odonis.
2058 3274 2061 3277 ’

479 3381 650 3441 Tunc
695 3379 890 3442 dixit&
933 3380 1231 3461 propriis:
1277 3380 1441 3441 Istos
1480 3381 1763 3458 fortasse
1807 3387 2102 3441 secuntur
2203 3424 2209 3428 -

477 3484 594 3547 Ast
637 3485 762 3561 alii,
807 3484 1042 3546 idcirco
1078 3484 1327 3563 pariter
1373 3492 1603 3545 statum
1643 3484 1983 3561 ylomerate
1996 3502 2021 3554 ;

480 3588 552 3648 Si
592 3589 786 3667 fuerit
831 3586 1082 3649 verbum
1127 3604 1318 3665 super
1357 3585 1493 3663 hoc,
1537 3602 1619 3645 ne
1661 3583 1910 3663 differat
1952 3586 2150 3646 ullus!

472 3688 741 3749 Adiecit:
791 3688 1060 3751 Subeam
1123 3686 1453 3750 tumulumh
1495 3676 1881 3767 specularier
1921 3688 2095 3765 ipse;

473 3866 518 3938 a)
549 3884 692 3927 dedit.
839 3881 886 3935 b)
917 3884 1014 3926 scit.
1059 3882 1325 3938 principium
1356 3882 1506 3939 gladii.
1645 3883 1686 3936 c)
1717 3885 1859 3927 finem.
1994 3882 2041 3936 d)
2071 3883 2364 3938 disperserat.

472 3942 723 3998 singularis.
904 3942 940 3996 s)
969 3943 1068 3987 scil.
1101 3942 1322 3988 nuncium.
1501 3942 1545 3997 g)
1574 3944 1675 3987 scil.
1709 3944 1821 3988 odo.
1950 3944 1997 3995 h)
2024 3948 2230 3988 montem.

479 4103 532 4179 1)
569 4102 924 4168 Montl'aucon
963 4102 1102 4165 inter
1139 4100 1350 4166 Mosam
1389 4112 1442 4165 et
1481 4104 1727 4163 Axonam
1767 4105 2043 4179 oppidum.
2118 4101 2339 4170 BOUQ.

2421 506 2507 563 A„
2540 515 2679 566 889.

2498 3883 2539 3939 e)
2570 3894 2675 3931 una.
