3108 4890
764 390 973 455 Anno
1014 392 1121 454 DE
1163 389 1434 454 BELLIS
1476 363 1935 456 PARlslACAE
1956 391 2202 456 Unms.
2539 392 2579 457 3
2631 353 2636 356 ¹

388 579 618 653 codex
654 581 729 653 in
780 577 1217 652 bibliotheca·
1243 581 1671 651 monasterii
1708 576 1784 651 S.
1829 579 2170 651 Germani
2213 601 2260 648 a
2310 576 2577 674 PratiS,

388 700 596 771 cuius
668 699 1256 794 conqreqationis
1331 695 1729 768 membrum
1808 699 2044 790 ipsum
2124 696 2577 792 Bouquetum

385 816 617 903 fuisse
642 817 998 910 novimus,
1027 813 1330 912 indeque
1351 821 1612 910 postea
1646 816 1721 887 in
1760 812 2264 887 bibliothecam
2299 814 2580 907 reqiam

384 933 867 1007 Parisiensem
900 932 1155 1006 illatus
1192 937 1315 1006 est.
1406 933 1642 1021 Quum
1678 933 1902 1028 iqitur
1935 938 2238 1004 nostrae
2275 930 2574 1034 editioni
2604 963 2609 967 ·

388 1054 827 1154 accinqerer,
865 1057 1035 1124 ante
1071 1053 1321 1123 omnia
1356 1049 1632 1122 codicis
1667 1049 1865 1123 illius
1899 1052 1974 1122 in
2010 1052 2180 1137 fata
2217 1053 2578 1147 inquirere

387 1194 687 1268 eumque
738 1172 999 1242 iterum
1068 1170 1617 1241 accuratissime
1683 1167 2000 1241 evolvere
2044 1170 2404 1261 proposui
2413 1196 2441 1260 ,-
2511 1173 2584 1239 et

385 1292 676 1376 favente
736 1288 805 1361 V.
847 1287 947 1362 Gt.
991 1285 1530 1360 Gue'rardmoae
1564 1289 1716 1360 voti
1751 1309 2050 1379 compos
2102 1287 2348 1372 factus
2391 1307 2574 1358 sum.

326 1422 334 1444 ⁸
385 1403 763 1504 Siquidem
822 1409 974 1499 ipse
1023 1403 1361 1477 Pithoeus
1422 1405 1686 1478 librum
1739 1403 2211 1478 bibliothecae
2272 1405 2350 1477 S.
2409 1404 2578 1476 Ger·
2677 1417 2679 1420 ⁴

270 1551 285 1564 ·
384 1526 587 1596 mani
622 1522 1016 1618 obtuterat,
1052 1523 1289 1618 ibique
1323 1546 1626 1595 numero
1665 1523 1835 1595 olim
1876 1525 2049 1617 535,
2081 1528 2339 1616 postea
2383 1524 2573 1596 1633

386 1645 726 1739 siynatus
770 1645 934 1729 fuit.
1046 1625 1179 1714 Est
1213 1641 1814 1714 membranaceus
1849 1643 1924 1713 in
1962 1643 2038 1713 40
2076 1641 2367 1735 minori,
2421 1664 2580 1714 sae-

387 1759 552 1834 culo
604 1784 799 1834 nono
840 1765 1136 1832 exeunte
1175 1766 1547 1856 emaratus,
1603 1766 1818 1856 atque
1867 1761 1961 1833 43
2017 1757 2221 1845 foliis
2265 1764 2610 1852 constat,-

395 1902 707 1975 quorum
760 1875 1155 1972 ‘quodlibet
1227 1877 1337 1950 bis
1381 1882 1470 1952 18
1526 1901 1777 1952 versus
1829 1876 2155 1950 exhibere
2215 1876 2420 1948 solet.

451 2073 455 2076 ,
538 1996 777 2089 Opera
813 1997 1039 2090 iqitur
1071 2002 1333 2068 nostra
1359 1999 1434 2068 in
1472 2019 1553 2068 eo
1576 1996 1970 2090 praecipue
2005 1981 2303 2068 versata
2332 1999 2458 2090 est,
2495 2001 2580 2066 ut

382 2118 578 2186 textu
615 2112 719 2185 ad
752 2096 992 2186 instar
1026 2112 1299 2186 codicis
1336 2117 1887 2186 accuratissime
1922 2136 2288 2207 conpresso,
2332 2135 2579 2185 omnes

384 2229 699 2304 alicuius
733 2234 1076 2304 momenti
1108 2230 1401 2326 qlossas
1436 2233 1511 2302 in
1539 2255 1678 2305 ora
1701 2233 2021 2326 paqinae
2047 2234 2576 2326 proferremus,

381 2355 455 2420 et
524 2348 703 2421 liber
775 2350 1025 2421 tertius
1086 2355 1307 2420 antea
1388 2351 1704 2423 omissus
1781 2348 2078 2447 reliquis
2157 2346 2574 2421 adderetur.

380 2454 891 2541 Distinctiones
926 2470 1001 2540 in
1038 2466 1285 2540 codice
1305 2471 1460 2556 fere
1479 2492 1854 2566 nunquam
1881 2467 2134 2541 obvias
2169 2465 2578 2540 introduxi-

380 2608 543 2660 mus
556 2642 580 2681 ,
636 2578 854 2684 atque
905 2590 1424 2659 annotationes
1475 2590 1702 2660 tea-tui
1753 2585 2196 2660 illustrando
2249 2607 2577 2659 necessa-

382 2706 563 2799 rias,
603 2726 1024 2799 perpaucas
1077 2710 1342 2801 tamen,
1388 2703 1778 2779 addendas
1830 2707 2257 2777 censuimus.

1803 2887 1889 2960 G.
1930 2888 2017 2960 H.
2058 2886 2374 2961 PERTZ.

483 3202 841 3268 SCEDULA
898 3204 1353 3269 SINGULARIS
1399 3204 1720 3269 CERNUIa
1761 3204 2096 3269 ABBONIS
2151 3202 2496 3268 DILECTO

1112 3308 1423 3405 'FRATRI
1465 3306 1836 3375 GOZLINO.

418 3523 425 3531 ,
468 3461 841 3525 Cunctorum
885 3462 1005 3526 Dei
1040 3463 1455 3543 plasmatumb
1514 3464 1780 3527 eoetimus
1821 3472 1882 3525 et
1941 3461 2246 3527 conlevita
2298 3464 2582 3544 indiqnus

383 3564 578 3643 Abbo,
624 3564 911 3626 sincaere
931 3572 957 3605 ‘²
1002 3584 1357 3647 omnemque
1386 3562 1802 3646 terra‘yenam‘¹
1847 3568 2248 3645 superantise
2292 3567 2430 3646 iyne
2477 3567 2584 3627 di·-

380 3666 661 3729 lectionis
724 3666 1143 3745 amplexando
1216 3666 1411 3751 fratri
1481 3669 1770 3745 Gozlino‚
1845 3669 2136 3749 quicquid
2203 3668 2268 3728 in
2336 3667 2584 3730 Christo

381 3768 701 3848 utriusque
750 3770 916 3830 vitae
958 3778 1164 3831 manet
1207 3771 1625 3835 iocunditatis.
1733 3768 1898 3830 Tuae
1941 3770 2290 3857 admodum·
2311 3770 2581 3830 mihimet

383 3870 853 3948 acceptissimae
906 3871 1343 3949 ⁸cer-inanitatis
1388 3870 1640 3953 affectio
1703 3870 1942 3934 sibimet
1997 3871 2220 3935 dudum
2279 3871 2586 3933 destinari

382 4074 437 4137 a)
478 4071 714 4126 humilis.
901 4072 960 4142 b)
1010 4072 1325 4129 formarum.
1522 4075 1576 4144 c)
1615 4090 1769 4146 pure.
1971 4076 2026 4145 d)
2078 4073 2279 4128 scilicet
2325 4072 2586 4139 dilectio-

384 4160 531 4199 nem.
681 4147 732 4214 c)
777 4146 1235 4205 transcendentis..

2133 4237 2163 4300 1
2188 4234 2206 4257 ἢ
