3108 4890
781 351 992 416 Anno
1034 352 1141 415 ΒΕ
1183 352 1452 416 BELus
1495 353 1740 421 mals.
1825 307 2053 419 mimi
2095 354 2169 418 11.
2494 359 2567 425 31

311 575 320 582 ·
386 534 446 598 ls
491 536 596 618 qui
640 555 892 618 nunque
936 536 1141 598 minor
1183 538 1396 619 pueris
1439 537 1717 602 moriens
1760 546 1935 620 patet
1975 557 2137 612 esse,
2326 546 2391 606 Α.
2438 555 2579 606 886.

385 636 699 717 Vitaque²¹¹
744 638 1158 720 cumgemitu
1201 641 1356 722 fugit
1395 639 1719 721 indignata
1762 643 1879 704 sub
1922 640 2209 705 umbras!
2285 635 2291 642 ’

449 776 464 786 -
556 739 739 802 Visus
784 740 965 802 adest
1008 741 1258 803 cuidam
1299 741 1550 802 Domini
1594 741 2023 806 sanctissimus
2065 743 2255 805 idem.

10 837 14 926 ξ
91 875 100 918 ⁶
225 849 339 901 ¹20
385 841 649 901 Pectore
693 842 976 922 carpenti
1017 843 1299 924 requiem
1342 862 1458 924 per
1499 843 1711 905 nubila
1752 845 1953 906 noctis

10 927 12 940 ἶ
386 941 668 1003 Marcelli
709 943 938 1006 sanctis
983 943 1273 1024 precibus
1315 963 1562 1006 necnon
1606 942 1935 1008 Clodoaldi

387 1042 711 1122 Accipiens
751 1044 1056 1125 liquidam
1101 1045 1390 1108 manibus
1432 1045 1805 1108 benedicere
1846 1046 2170 1128 limpham,

388 1143 566 1205 Unde
609 1145 818 1226 rigans
861 1149 1102 1220 urbem,
1148 1145 1432 1228 graditur
1476 1166 1592 1227 per
1636 1147 1843 1209 menia
1886 1148 2152 1226 circum;

391 1244 678 1326 Huicque
721 1247 858 1308 viro
900 1247 1229 1329 proprium
1271 1249 1540 1329 promsit
1582 1267 1834 1322 nomen,
1877 1250 1991 1312 sed
2036 1256 2100 1312 et
2142 1252 2279 1313 urbi

229 1357 342 1410 125
393 1347 583 1428 Spem
609 1348 966 1436 spondens,
1009 1349 1234 1412 faciem
1277 1349 1456 1430 liquit
1497 1368 1569 1412 se
1614 1350 2118 1432 conspicientem.

10 1431 15 1538 j
563 1448 798 1510 Nobilis
842 1450 964 1512 hac
1007 1456 1070 1511 et
1107 1451 1172 1511 in
1215 1452 1372 1513 urbe
1414 1451 1529 1515 fuit
1571 1451 1666 1512 vir
1710 1469 1902 1514 carne
1944 1451 2311 1534 liquescens,

10 1539 13 1560 ¹
91 1542 94 1548 ’
392 1539 704 1613 Deficiens
749 1550 939 1611 etiam
982 1550 1135 1613 flatu
1180 1554 1498 1615 metuebat
1539 1553 1736 1627 obire,

393 1651 856 1733 Castellumque
898 1651 1039 1732 capi
1082 1652 1457 1716 Normannis
1500 1657 1790 1736 tempore
1829 1654 1893 1716 in
1934 1655 2095 1736 ipso.

394 1753 615 1815 Attulit
654 1752 799 1815 huic
841 1753 1009 1818 cives
1053 1774 1312 1817 somnus
1355 1775 1425 1818 se
1466 1756 1750 1837 linquere
1791 1756 1973 1831 velle,

234 1859 348 1913 130
397 1854 560 1917 Urbs
604 1855 797 1917 armis
841 1856 1140 1936 quoniam
1183 1857 1417 1919 cunctis
1460 1857 1715 1920 deserta
1758 1861 2086 1933 manebam

399 1955 674 2018 Clericus
715 1955 860 2018 inde
904 1957 1246 2020 venustatis
1292 1958 1490 2021 mirae
1531 1959 1731 2020 astitit
1767 1958 1856 2021 illi

398 2045 528 2120 Ore
569 2058 835 2139 loquens
879 2059 1146 2139 placido,
1188 2059 1449 2122 rutilans
1493 2060 1791 2140 vultuque
1831 2079 2087 2123 sereno:

345 2217 354 2228 ,
407 2161 569 2236 Ouid
609 2162 827 2223 metuis
842 2163 876 2222 ?
915 2178 1179 2240 suryens
1219 2163 1516 2224 tremulos
1558 2163 1797 2240 depone
1838 2162 2113 2241 timores,

407 2260 735 2342 Oblitaque
774 2258 931 2344 fuya
975 2264 1371 2344 quamplures
1401 2281 1601 2346 ‚cerne
1638 2270 1909 2341 paratos

237 2368 350 2419 135
405 2364 507 2425 Ad
549 2361 808 2425 bellum!
849 2362 1120 2447 Surgens
1164 2361 1391 2437 alacer,
1437 2380 1651 2424 muros
1695 2362 1865 2424 videt
1907 2381 2128 2425 omnes

404 2464 687 2526 Vallatos
734 2465 944 2527 cuneis
985 2464 1279 2527 iuvenum
1322 2464 1515 2546 galeis
1560 2470 1914 2527 oneratum.

401 2567 669 2647 Voxque
712 2572 915 2628 tonat:
965 2569 1291 2631 Tutor-ibus
1331 2568 1425 2629 lais
1467 2570 1821 2649 defenditur
1862 2562 2026 2630 haec
2060 2568 2213 2630 urbs
2225 2588 2252 2641 ;

404 2670 518 2730 Ast
562 2689 678 2748 eqo
719 2689 854 2731 sum
899 2672 1265 2747 Germanus,
1309 2667 1412 2741 ait,
1454 2669 1634 2730 leuius
1676 2688 1916 2751 quoque
1956 2672 2235 2750 praesul.

407 2770 804 2849 (lorisve-tare,
845 2770 1000 2832 nihil
1030 2770 1421 2850 formidabiS,
1465 2770 1753 2851 quoniam
1794 2790 1957 2833 nunc

239 2873 354 2926 140
407 2872 714 2934 Faucibus
755 2872 924 2933 haud
960 2874 1408 2935 sceleratorum
1445 2871 1839 2951 yrassabitur
1881 2872 2042 2935 haec
2083 2872 2273 2935 urbs!

403 2974 650 3051 Affatur
693 2977 967 3044 sanctus,
1011 2974 1421 3053 redamatque
1462 2971 1667 3033 virum
1711 2992 1860 3035 caro
1903 2973 2123 3047 ssatus3

402 3073 648 3135 Affatur
688 3072 855 3147 felix,
897 3074 1174 3156 fugitque
1216 3076 1420 3137 virum
1464 3073 1633 3136 mala
1676 3073 1901 3155 pestis;

317 3207 326 3212 -
403 3173 755 3255 Alloquitur
796 3180 1066 3249 sanctus,
1109 3175 1271 3237 lecto
1314 3176 1587 3239 surrexit
1625 3183 1911 3256 egrotum

405 3276 599 3339 Almis
641 3274 975 3339 faminibus
1017 3295 1240 3357 sospes
1282 3277 1567 3357 procedit
1609 3283 1883 3359 egrotus,

243 3380 356 3434 145
405 3379 713 3460 Explicuit
753 3377 889 3439 visu
931 3378 1130 3441 noctis
1176 3379 1343 3459 quod
1387 3384 1655 3441 noverat
1693 3377 1850 3459 ipse.

571 3481 737 3543 Luce
781 3478 1009 3542 dehinc
1050 3479 1345 3560 quadam,
1391 3480 1538 3542 dum
1581 3483 1959 3562 gestabatur.
1988 3485 2051 3540 et
2092 3478 2241 3556 almi

329 3637 338 3641 -
403 3581 700 3645 Militibus
744 3580 1018 3663 propriis
1063 3599 1290 3662 corpus
1333 3600 1449 3662 per
1493 3582 1747 3644 moenia
1790 3581 2045 3655 circum,

13 3722 20 3771 ξ
403 3682 672 3745 Urbanis
715 3689 962 3765 septum
1004 3683 1383 3745 sectantibus
1427 3684 1922 3765 omnipotentem

405 3784 865 3865 Perrogitando
906 3785 1107 3846 Deum
1151 3785 1312 3848 votis
1357 3787 1470 3846 sub
1515 3804 1673 3848 voce
1717 3803 1975 3859 canora,

242 3902 360 3955 150
410 3884 705 3947 Caeditur
749 3884 1032 3949 allofilo*
1079 3888 1160 3948 de
1202 3886 1632 3968 portatoribus
1675 3907 1836 3950 unus

407 3985 675 4048 Nomine
719 3986 1063 4051 Gozbertus
1105 3988 1304 4050 calclo
1321 3989 1369 4061 Β,
1412 4007 1752 4070 percussor
1792 3988 1857 4050 in
1902 3986 2160 4048 umbras

407 4128 451 4180 a)
480 4126 620 4169 illius.
741 4127 788 4180 b)
817 4138 842 4169 a
874 4139 1061 4183 pagano.
1184 4129 1226 4182 c)
1255 4130 1421 4182 lapide.
